<?xml version="1.0" encoding="UTF-8"?>
<!DOCTYPE html PUBLIC "-//W3C//DTD XHTML 1.0 Transitional//EN"
    "http://www.w3.org/TR/xhtml1/DTD/xhtml1-transitional.dtd">
<html xmlns="http://www.w3.org/1999/xhtml" xml:lang="en" lang="en">
 <head>
  <title>
</title>
<meta http-equiv="Content-Type" content="text/html;charset=utf-8" />
  <meta name='ocr-system' content='tesseract 3.04.00' />
  <meta name='ocr-capabilities' content='ocr_page ocr_carea ocr_par ocr_line ocrx_word'/>
</head>
<body>
  <div class='ocr_page' id='page_1' title='image "./dedonaticomment00rabbgoog_0008.png"; bbox 0 0 2768 4830; ppageno 0'>
   <div class='ocr_carea' id='block_1_1' title="bbox 137 823 1312 1748">
    <p class='ocr_par' dir='ltr' id='par_1_1' title="bbox 137 823 1312 1748">
     <span class='ocr_line' id='line_1_1' title="bbox 227 823 1286 899; baseline 0 -17"><span class='ocrx_word' id='word_1_1' title='bbox 227 825 306 895; x_wconf 82' lang='lat' dir='ltr'><strong>Quas</strong></span> <span class='ocrx_word' id='word_1_2' title='bbox 329 824 400 883; x_wconf 92' lang='lat' dir='ltr'><strong>olim</strong></span> <span class='ocrx_word' id='word_1_3' title='bbox 423 823 541 899; x_wconf 88' lang='lat' dir='ltr'><strong>conlegi</strong></span> <span class='ocrx_word' id='word_1_4' title='bbox 563 823 840 883; x_wconf 88' lang='lat' dir='ltr'><strong>observatiunculss</strong></span> <span class='ocrx_word' id='word_1_5' title='bbox 861 841 970 882; x_wconf 91' lang='lat' dir='ltr'><strong>novam</strong></span> <span class='ocrx_word' id='word_1_6' title='bbox 993 823 1103 882; x_wconf 87' lang='lat' dir='ltr'><strong>Donati</strong></span> <span class='ocrx_word' id='word_1_7' title='bbox 1125 825 1286 884; x_wconf 81' lang='lat' dir='ltr'>editionem</span> 
     </span>
     <span class='ocr_line' id='line_1_2' title="bbox 138 909 1288 985; baseline 0.002 -19"><span class='ocrx_word' id='word_1_8' title='bbox 138 910 364 983; x_wconf 82' lang='lat' dir='ltr'><strong>auspicaturus,</strong></span> <span class='ocrx_word' id='word_1_9' title='bbox 386 927 465 967; x_wconf 91' lang='lat' dir='ltr'><strong>nunc</strong></span> <span class='ocrx_word' id='word_1_10' title='bbox 487 916 587 966; x_wconf 91' lang='lat' dir='ltr'><strong>autem</strong></span> <span class='ocrx_word' id='word_1_11' title='bbox 608 909 663 967; x_wconf 90' lang='lat' dir='ltr'><strong>edo</strong></span> <span class='ocrx_word' id='word_1_12' title='bbox 686 909 794 966; x_wconf 89' lang='lat' dir='ltr'><strong>editori</strong></span> <span class='ocrx_word' id='word_1_13' title='bbox 810 909 945 985; x_wconf 87' lang='lat' dir='ltr'><strong>quisquis</strong></span> <span class='ocrx_word' id='word_1_14' title='bbox 962 910 1019 968; x_wconf 89' lang='lat' dir='ltr'><strong>erit</strong></span> <span class='ocrx_word' id='word_1_15' title='bbox 1034 909 1201 985; x_wconf 82' lang='lat' dir='ltr'><strong>symbolam</strong></span> <span class='ocrx_word' id='word_1_16' title='bbox 1218 928 1288 968; x_wconf 91' lang='lat' dir='ltr'><strong>con-</strong></span> 
     </span>
     <span class='ocr_line' id='line_1_3' title="bbox 138 992 1312 1068; baseline 0.002 -17"><span class='ocrx_word' id='word_1_17' title='bbox 138 995 256 1053; x_wconf 89' lang='lat' dir='ltr'><strong>laturus</strong></span> <span class='ocrx_word' id='word_1_18' title='bbox 280 992 317 1051; x_wconf 90' lang='lat' dir='ltr'><strong>ad</strong></span> <span class='ocrx_word' id='word_1_19' title='bbox 338 993 451 1053; x_wconf 88' lang='lat' dir='ltr'><strong>scholia</strong></span> <span class='ocrx_word' id='word_1_20' title='bbox 472 993 656 1052; x_wconf 88' lang='lat' dir='ltr'><strong>emendanda</strong></span> <span class='ocrx_word' id='word_1_21' title='bbox 678 997 707 1051; x_wconf 90' lang='lat' dir='ltr'><strong>et</strong></span> <span class='ocrx_word' id='word_1_22' title='bbox 728 996 808 1052; x_wconf 87' lang='lat' dir='ltr'><strong>recta</strong></span> <span class='ocrx_word' id='word_1_23' title='bbox 829 993 1028 1068; x_wconf 79' lang='lat' dir='ltr'><strong>aestimanda,</strong></span> <span class='ocrx_word' id='word_1_24' title='bbox 1053 994 1139 1052; x_wconf 89' lang='lat' dir='ltr'><strong>edere</strong></span> <span class='ocrx_word' id='word_1_25' title='bbox 1161 1013 1210 1053; x_wconf 89' lang='lat' dir='ltr'><strong>eas</strong></span> <span class='ocrx_word' id='word_1_26' title='bbox 1225 1012 1287 1053; x_wconf 92' lang='lat' dir='ltr'><strong>non</strong></span> <span class='ocrx_word' id='word_1_27' title='bbox 1310 1057 1312 1061; x_wconf 60' lang='grc'>,</span> 
     </span>
     <span class='ocr_line' id='line_1_4' title="bbox 138 1078 1286 1155; baseline 0 -18"><span class='ocrx_word' id='word_1_28' title='bbox 138 1097 259 1154; x_wconf 87' lang='lat' dir='ltr'><strong>possum</strong></span> <span class='ocrx_word' id='word_1_29' title='bbox 292 1078 363 1153; x_wconf 91' lang='lat' dir='ltr'><strong>quin</strong></span> <span class='ocrx_word' id='word_1_30' title='bbox 393 1078 504 1155; x_wconf 79' lang='lat' dir='ltr'>gratias</span> <span class='ocrx_word' id='word_1_31' title='bbox 534 1097 620 1154; x_wconf 88' lang='lat' dir='ltr'><strong>agam</strong></span> <span class='ocrx_word' id='word_1_32' title='bbox 648 1097 778 1137; x_wconf 89' lang='lat' dir='ltr'><strong>summas</strong></span> <span class='ocrx_word' id='word_1_33' title='bbox 805 1078 966 1134; x_wconf 78' lang='lat' dir='ltr'>GEORGIO</span> <span class='ocrx_word' id='word_1_34' title='bbox 995 1079 1194 1134; x_wconf 84' lang='lat' dir='ltr'>WISSOWAE</span> <span class='ocrx_word' id='word_1_35' title='bbox 1222 1079 1286 1138; x_wconf 91' lang='lat' dir='ltr'><strong>viro</strong></span> 
     </span>
     <span class='ocr_line' id='line_1_5' title="bbox 138 1162 1287 1239; baseline 0.003 -19"><span class='ocrx_word' id='word_1_36' title='bbox 138 1163 333 1222; x_wconf 80' lang='lat' dir='ltr'><strong>liberalitatis</strong></span> <span class='ocrx_word' id='word_1_37' title='bbox 359 1168 448 1238; x_wconf 91' lang='lat' dir='ltr'><strong>atque</strong></span> <span class='ocrx_word' id='word_1_38' title='bbox 472 1162 678 1239; x_wconf 89' lang='lat' dir='ltr'><strong>indulgentias</strong></span> <span class='ocrx_word' id='word_1_39' title='bbox 700 1163 786 1238; x_wconf 89' lang='lat' dir='ltr'><strong>plane</strong></span> <span class='ocrx_word' id='word_1_40' title='bbox 807 1163 1009 1235; x_wconf 91' lang='lat' dir='ltr'><strong>admirabilis,</strong></span> <span class='ocrx_word' id='word_1_41' title='bbox 1036 1163 1088 1239; x_wconf 92' lang='lat' dir='ltr'><strong>qui</strong></span> <span class='ocrx_word' id='word_1_42' title='bbox 1110 1165 1287 1224; x_wconf 82' lang='lat' dir='ltr'><strong>thensauros</strong></span> 
     </span>
     <span class='ocr_line' id='line_1_6' title="bbox 139 1247 1286 1329; baseline 0 -23"><span class='ocrx_word' id='word_1_43' title='bbox 139 1267 158 1306; x_wconf 89' lang='lat' dir='ltr'><strong>a</strong></span> <span class='ocrx_word' id='word_1_44' title='bbox 174 1248 330 1322; x_wconf 85' lang='lat' dir='ltr'><strong>Schopeno</strong></span> <span class='ocrx_word' id='word_1_45' title='bbox 352 1247 521 1324; x_wconf 86' lang='lat' dir='ltr'><strong>incohatos,</strong></span> <span class='ocrx_word' id='word_1_46' title='bbox 542 1268 559 1306; x_wconf 89' lang='lat' dir='ltr'><strong>a</strong></span> <span class='ocrx_word' id='word_1_47' title='bbox 574 1247 815 1306; x_wconf 86' lang='lat' dir='ltr'><strong>Reifferscheidio</strong></span> <span class='ocrx_word' id='word_1_48' title='bbox 837 1252 869 1306; x_wconf 93' lang='lat' dir='ltr'><strong>et</strong></span> <span class='ocrx_word' id='word_1_49' title='bbox 883 1249 950 1322; x_wconf 92' lang='lat' dir='ltr'><strong>ipso</strong></span> <span class='ocrx_word' id='word_1_50' title='bbox 965 1251 1067 1307; x_wconf 85' lang='lat' dir='ltr'><strong>auctos</strong></span> <span class='ocrx_word' id='word_1_51' title='bbox 1082 1249 1198 1324; x_wconf 89' lang='lat' dir='ltr'><strong>petenti</strong></span> <span class='ocrx_word' id='word_1_52' title='bbox 1212 1249 1286 1329; x_wconf 85' lang='lat' dir='ltr'><strong>mihi</strong></span> 
     </span>
     <span class='ocr_line' id='line_1_7' title="bbox 138 1331 1287 1408; baseline 0.001 -17"><span class='ocrx_word' id='word_1_53' title='bbox 138 1331 265 1391; x_wconf 83' lang='lat' dir='ltr'><strong>tradidit</strong></span> <span class='ocrx_word' id='word_1_54' title='bbox 279 1333 521 1408; x_wconf 87' lang='lat' dir='ltr'><strong>pervolutandos,</strong></span> <span class='ocrx_word' id='word_1_55' title='bbox 538 1351 730 1408; x_wconf 87' lang='lat' dir='ltr'><strong>quaecunque</strong></span> <span class='ocrx_word' id='word_1_56' title='bbox 742 1331 881 1407; x_wconf 81' lang='lat' dir='ltr'><strong>petebam</strong></span> <span class='ocrx_word' id='word_1_57' title='bbox 892 1338 945 1390; x_wconf 90' lang='lat' dir='ltr'><strong>aut</strong></span> <span class='ocrx_word' id='word_1_58' title='bbox 956 1336 1058 1407; x_wconf 90' lang='lat' dir='ltr'><strong>petere</strong></span> <span class='ocrx_word' id='word_1_59' title='bbox 1070 1351 1130 1392; x_wconf 91' lang='lat' dir='ltr'><strong>non</strong></span> <span class='ocrx_word' id='word_1_60' title='bbox 1140 1333 1287 1393; x_wconf 89' lang='lat' dir='ltr'><strong>audebam</strong></span> 
     </span>
     <span class='ocr_line' id='line_1_8' title="bbox 137 1417 1286 1495; baseline 0.001 -20"><span class='ocrx_word' id='word_1_61' title='bbox 137 1417 269 1493; x_wconf 91' lang='lat' dir='ltr'><strong>benigne</strong></span> <span class='ocrx_word' id='word_1_62' title='bbox 297 1417 455 1489; x_wconf 85' lang='lat' dir='ltr'><strong>concessit,</strong></span> <span class='ocrx_word' id='word_1_63' title='bbox 485 1418 562 1476; x_wconf 93' lang='lat' dir='ltr'><strong>diem</strong></span> <span class='ocrx_word' id='word_1_64' title='bbox 587 1418 731 1492; x_wconf 86' lang='lat' dir='ltr'><strong>reddendi</strong></span> <span class='ocrx_word' id='word_1_65' title='bbox 759 1421 863 1493; x_wconf 84' lang='lat' dir='ltr'><strong>quater</strong></span> <span class='ocrx_word' id='word_1_66' title='bbox 886 1418 1081 1494; x_wconf 86' lang='lat' dir='ltr'><strong>quinquiesve</strong></span> <span class='ocrx_word' id='word_1_67' title='bbox 1102 1419 1286 1495; x_wconf 88' lang='lat' dir='ltr'><strong>prorogavit,</strong></span> 
     </span>
     <span class='ocr_line' id='line_1_9' title="bbox 138 1502 1287 1580; baseline 0.002 -20"><span class='ocrx_word' id='word_1_68' title='bbox 138 1503 289 1577; x_wconf 88' lang='lat' dir='ltr'><strong>patienter</strong></span> <span class='ocrx_word' id='word_1_69' title='bbox 302 1521 350 1561; x_wconf 90' lang='lat' dir='ltr'><strong>me</strong></span> <span class='ocrx_word' id='word_1_70' title='bbox 366 1503 438 1561; x_wconf 91' lang='lat' dir='ltr'><strong>tulit</strong></span> <span class='ocrx_word' id='word_1_71' title='bbox 454 1504 577 1561; x_wconf 86' lang='lat' dir='ltr'><strong>comiter</strong></span> <span class='ocrx_word' id='word_1_72' title='bbox 592 1502 749 1578; x_wconf 82' lang='lat' dir='ltr'><strong>instigavit</strong></span> <span class='ocrx_word' id='word_1_73' title='bbox 761 1502 873 1561; x_wconf 90' lang='lat' dir='ltr'><strong>urbane</strong></span> <span class='ocrx_word' id='word_1_74' title='bbox 887 1504 1037 1562; x_wconf 88' lang='lat' dir='ltr'><strong>tractavit.</strong></span> <span class='ocrx_word' id='word_1_75' title='bbox 1068 1503 1125 1560; x_wconf 91' lang='lat' dir='ltr'><strong>iam</strong></span> <span class='ocrx_word' id='word_1_76' title='bbox 1140 1503 1287 1580; x_wconf 87' lang='lat' dir='ltr'><strong>quidquid</strong></span> 
     </span>
     <span class='ocr_line' id='line_1_10' title="bbox 138 1586 1287 1664; baseline 0.003 -20"><span class='ocrx_word' id='word_1_77' title='bbox 138 1587 276 1662; x_wconf 88' lang='lat' dir='ltr'><strong>praestiti</strong></span> <span class='ocrx_word' id='word_1_78' title='bbox 305 1588 329 1646; x_wconf 89' lang='lat' dir='ltr'><strong>si</strong></span> <span class='ocrx_word' id='word_1_79' title='bbox 358 1587 429 1662; x_wconf 93' lang='lat' dir='ltr'><strong>quid</strong></span> <span class='ocrx_word' id='word_1_80' title='bbox 456 1586 592 1662; x_wconf 89' lang='lat' dir='ltr'><strong>praestiti</strong></span> <span class='ocrx_word' id='word_1_81' title='bbox 618 1587 720 1645; x_wconf 90' lang='lat' dir='ltr'><strong>labore</strong></span> <span class='ocrx_word' id='word_1_82' title='bbox 741 1586 866 1646; x_wconf 90' lang='lat' dir='ltr'><strong>obscuro</strong></span> <span class='ocrx_word' id='word_1_83' title='bbox 888 1589 989 1663; x_wconf 88' lang='lat' dir='ltr'><strong>potius</strong></span> <span class='ocrx_word' id='word_1_84' title='bbox 1011 1606 1101 1664; x_wconf 90' lang='lat' dir='ltr'><strong>quam</strong></span> <span class='ocrx_word' id='word_1_85' title='bbox 1123 1588 1287 1659; x_wconf 83' lang='lat' dir='ltr'><strong>umbratili,</strong></span> 
     </span>
     <span class='ocr_line' id='line_1_11' title="bbox 140 1667 1159 1748; baseline 0.002 -19"><span class='ocrx_word' id='word_1_86' title='bbox 140 1672 265 1747; x_wconf 86' lang='lat' dir='ltr'><strong>dignum</strong></span> <span class='ocrx_word' id='word_1_87' title='bbox 280 1675 359 1730; x_wconf 88' lang='lat' dir='ltr'><strong>esset</strong></span> <span class='ocrx_word' id='word_1_88' title='bbox 376 1672 481 1735; x_wconf 91' lang='lat' dir='ltr'><strong>vellem</strong></span> <span class='ocrx_word' id='word_1_89' title='bbox 497 1667 581 1731; x_wconf 79' lang='lat' dir='ltr'><strong>tanta</strong></span> <span class='ocrx_word' id='word_1_90' title='bbox 597 1672 730 1731; x_wconf 90' lang='lat' dir='ltr'><strong>bonitate</strong></span> <span class='ocrx_word' id='word_1_91' title='bbox 747 1671 804 1731; x_wconf 92' lang='lat' dir='ltr'><strong>viri</strong></span> <span class='ocrx_word' id='word_1_92' title='bbox 818 1672 1025 1731; x_wconf 89' lang='lat' dir='ltr'><strong>humanissimi</strong></span> <span class='ocrx_word' id='word_1_93' title='bbox 1041 1673 1159 1748; x_wconf 79' lang='lat' dir='ltr'><strong>optimi:</strong></span> 
     </span>
    </p>
   </div>
   <div class='ocr_carea' id='block_1_2' title="bbox 702 1857 718 1916">
    <p class='ocr_par' dir='ltr' id='par_1_2' title="bbox 702 1857 718 1916">
     <span class='ocr_line' id='line_1_12' title="bbox 702 1857 718 1916; baseline 0 0"><span class='ocrx_word' id='word_1_94' title='bbox 702 1857 718 1916; x_wconf 93' lang='lat' dir='ltr'>I</span> 
     </span>
    </p>
   </div>
   <div class='ocr_carea' id='block_1_3' title="bbox 139 1970 1342 2734">
    <p class='ocr_par' dir='ltr' id='par_1_3' title="bbox 139 1970 1342 2394">
     <span class='ocr_line' id='line_1_13' title="bbox 225 1970 1342 2057; baseline 0.008 -26"><span class='ocrx_word' id='word_1_95' title='bbox 225 1977 391 2032; x_wconf 83' lang='lat' dir='ltr'>EVNVCHI</span> <span class='ocrx_word' id='word_1_96' title='bbox 412 1978 489 2052; x_wconf 93' lang='lat' dir='ltr'><strong>prol.</strong></span> <span class='ocrx_word' id='word_1_97' title='bbox 508 1979 568 2057; x_wconf 72' lang='lat'><strong>273</strong></span> <span class='ocrx_word' id='word_1_98' title='bbox 587 1976 676 2036; x_wconf 87' lang='lat' dir='ltr'><strong>Sabb.</strong></span> <span class='ocrx_word' id='word_1_99' title='bbox 697 1977 901 2051; x_wconf 87' lang='lat' dir='ltr'><strong>imprudentia</strong></span> <span class='ocrx_word' id='word_1_100' title='bbox 917 1997 964 2039; x_wconf 65' lang='lat' dir='ltr'><strong>.e.:</strong></span> <span class='ocrx_word' id='word_1_101' title='bbox 979 1978 1203 2054; x_wconf 84' lang='lat' dir='ltr'><strong>ignorantiam,</strong></span> <span class='ocrx_word' id='word_1_102' title='bbox 1225 1999 1286 2040; x_wconf 90' lang='lat' dir='ltr'><strong>non</strong></span> <span class='ocrx_word' id='word_1_103' title='bbox 1338 1970 1342 1977; x_wconf 48' lang='lat'>⁵</span> 
     </span>
     <span class='ocr_line' id='line_1_14' title="bbox 139 2058 1287 2140; baseline 0.003 -21"><span class='ocrx_word' id='word_1_104' title='bbox 139 2061 322 2136; x_wconf 85' lang='lat' dir='ltr'><strong>imperitiam</strong></span> <span class='ocrx_word' id='word_1_105' title='bbox 343 2058 544 2140; x_wconf 71' lang='lat' dir='ltr'><strong>(significat).</strong></span> <span class='ocrx_word' id='word_1_106' title='bbox 631 2063 656 2121; x_wconf 90' lang='lat' dir='ltr'><strong>si</strong></span> <span class='ocrx_word' id='word_1_107' title='bbox 742 2061 864 2138; x_wconf 87' lang='lat'><strong>11,13</strong></span> <span class='ocrx_word' id='word_1_108' title='bbox 886 2081 964 2121; x_wconf 90' lang='lat' dir='ltr'><strong>nuuc</strong></span> <span class='ocrx_word' id='word_1_109' title='bbox 987 2063 1287 2134; x_wconf 87' lang='lat' dir='ltr'><strong>dominoservusest</strong></span> 
     </span>
     <span class='ocr_line' id='line_1_15' title="bbox 140 2146 1331 2227; baseline 0.003 -22"><span class='ocrx_word' id='word_1_110' title='bbox 140 2147 314 2222; x_wconf 85' lang='lat' dir='ltr'><strong>sapientior,</strong></span> <span class='ocrx_word' id='word_1_111' title='bbox 331 2147 381 2206; x_wconf 89' lang='lat' dir='ltr'><strong>sed</strong></span> <span class='ocrx_word' id='word_1_112' title='bbox 396 2150 529 2206; x_wconf 86' lang='lat' dir='ltr'><strong>amatore</strong></span> <span class='ocrx_word' id='word_1_113' title='bbox 541 2165 600 2205; x_wconf 91' lang='lat' dir='ltr'><strong>non</strong></span> <span class='ocrx_word' id='word_1_114' title='bbox 611 2165 713 2206; x_wconf 88' lang='lat' dir='ltr'><strong>amaus</strong></span> <span class='ocrx_word' id='word_1_115' title='bbox 800 2146 831 2205; x_wconf 92' lang='lat' dir='ltr'>H</span> <span class='ocrx_word' id='word_1_116' title='bbox 844 2148 943 2227; x_wconf 83' lang='lat'><strong>3,10,</strong></span> <span class='ocrx_word' id='word_1_117' title='bbox 956 2151 1062 2223; x_wconf 88' lang='lat' dir='ltr'><strong>praeut</strong></span> <span class='ocrx_word' id='word_1_118' title='bbox 1073 2149 1160 2208; x_wconf 92' lang='lat' dir='ltr'><strong>huius</strong></span> <span class='ocrx_word' id='word_1_119' title='bbox 1172 2150 1285 2210; x_wconf 87' lang='lat' dir='ltr'><strong>rabies:</strong></span> <span class='ocrx_word' id='word_1_120' title='bbox 1329 2191 1331 2195; x_wconf 88' lang='lat'><em>-</em></span> 
     </span>
     <span class='ocr_line' id='line_1_16' title="bbox 139 2230 1286 2309; baseline 0.003 -20"><span class='ocrx_word' id='word_1_121' title='bbox 139 2230 187 2289; x_wconf 94' lang='lat' dir='ltr'><strong>hic</strong></span> <span class='ocrx_word' id='word_1_122' title='bbox 202 2250 237 2289; x_wconf 82' lang='lat' dir='ltr'><strong>ex</strong></span> <span class='ocrx_word' id='word_1_123' title='bbox 248 2235 332 2306; x_wconf 87' lang='lat' dir='ltr'><strong>parte</strong></span> <span class='ocrx_word' id='word_1_124' title='bbox 343 2231 519 2291; x_wconf 81' lang='lat' dir='ltr'><strong>characteris</strong></span> <span class='ocrx_word' id='word_1_125' title='bbox 530 2232 672 2292; x_wconf 89' lang='lat' dir='ltr'><strong>inseritur</strong></span> <span class='ocrx_word' id='word_1_126' title='bbox 683 2232 761 2308; x_wconf 93' lang='lat' dir='ltr'><strong>quod</strong></span> <span class='ocrx_word' id='word_1_127' title='bbox 776 2232 1015 2306; x_wconf 65' lang='lat' dir='ltr'><strong>deest&#39;personae</strong></span> <span class='ocrx_word' id='word_1_128' title='bbox 1026 2231 1181 2306; x_wconf 74' lang='lat' dir='ltr'><strong>Chaereae,</strong></span> <span class='ocrx_word' id='word_1_129' title='bbox 1198 2253 1286 2309; x_wconf 91' lang='lat' dir='ltr'><strong>quem</strong></span> 
     </span>
     <span class='ocr_line' id='line_1_17' title="bbox 141 2315 1337 2394; baseline 0.004 -21"><span class='ocrx_word' id='word_1_130' title='bbox 141 2315 274 2375; x_wconf 89' lang='lat' dir='ltr'><strong>moribus</strong></span> <span class='ocrx_word' id='word_1_131' title='bbox 290 2317 399 2375; x_wconf 92' lang='lat' dir='ltr'><strong>conicit</strong></span> <span class='ocrx_word' id='word_1_132' title='bbox 414 2335 516 2376; x_wconf 90' lang='lat' dir='ltr'><strong>servus</strong></span> <span class='ocrx_word' id='word_1_133' title='bbox 531 2316 730 2375; x_wconf 86' lang='lat' dir='ltr'><strong>ardentiorem</strong></span> <span class='ocrx_word' id='word_1_134' title='bbox 745 2334 847 2376; x_wconf 91' lang='lat' dir='ltr'><strong>amore</strong></span> <span class='ocrx_word' id='word_1_135' title='bbox 861 2315 925 2376; x_wconf 85' lang='lat' dir='ltr'><strong>fieri</strong></span> <span class='ocrx_word' id='word_1_136' title='bbox 942 2336 1028 2391; x_wconf 90' lang='lat' dir='ltr'><strong>posse</strong></span> <span class='ocrx_word' id='word_1_137' title='bbox 1044 2317 1133 2376; x_wconf 90' lang='lat' dir='ltr'><strong>simul</strong></span> <span class='ocrx_word' id='word_1_138' title='bbox 1145 2320 1286 2394; x_wconf 88' lang='lat' dir='ltr'><strong>coeperit.</strong></span> <span class='ocrx_word' id='word_1_139' title='bbox 1320 2331 1337 2378; x_wconf 85' lang='lat' dir='ltr'><strong>o</strong></span> 
     </span>
    </p>

    <p class='ocr_par' dir='ltr' id='par_1_4' title="bbox 139 2397 1287 2734">
     <span class='ocr_line' id='line_1_18' title="bbox 227 2397 1287 2480; baseline 0.006 -23"><span class='ocrx_word' id='word_1_140' title='bbox 227 2399 300 2460; x_wconf 92' lang='lat' dir='ltr'><strong>ibid.</strong></span> <span class='ocrx_word' id='word_1_141' title='bbox 319 2403 357 2460; x_wconf 76' lang='lat'><strong>19</strong></span> <span class='ocrx_word' id='word_1_142' title='bbox 374 2418 441 2459; x_wconf 90' lang='lat' dir='ltr'><strong>eum</strong></span> <span class='ocrx_word' id='word_1_143' title='bbox 456 2401 488 2459; x_wconf 90' lang='lat' dir='ltr'><strong>in</strong></span> <span class='ocrx_word' id='word_1_144' title='bbox 504 2401 639 2460; x_wconf 87' lang='lat' dir='ltr'><strong>cellulam</strong></span> <span class='ocrx_word' id='word_1_145' title='bbox 655 2400 692 2460; x_wconf 93' lang='lat' dir='ltr'><strong>ad</strong></span> <span class='ocrx_word' id='word_1_146' title='bbox 708 2404 753 2459; x_wconf 89' lang='lat' dir='ltr'><strong>te:</strong></span> <span class='ocrx_word' id='word_1_147' title='bbox 771 2420 808 2459; x_wconf 91' lang='lat' dir='ltr'><strong>an</strong></span> <span class='ocrx_word' id='word_1_148' title='bbox 824 2402 849 2459; x_wconf 89' lang='lat' dir='ltr'><strong>is</strong></span> <span class='ocrx_word' id='word_1_149' title='bbox 866 2397 1011 2480; x_wconf 89' lang='lat' dir='ltr'><strong>de(beat)‚</strong></span> <span class='ocrx_word' id='word_1_150' title='bbox 1028 2403 1079 2478; x_wconf 92' lang='lat' dir='ltr'><strong>qui</strong></span> <span class='ocrx_word' id='word_1_151' title='bbox 1094 2406 1126 2461; x_wconf 91' lang='lat' dir='ltr'><strong>et</strong></span> <span class='ocrx_word' id='word_1_152' title='bbox 1139 2406 1287 2480; x_wconf 90' lang='lat' dir='ltr'><strong>acceperit</strong></span> 
     </span>
     <span class='ocr_line' id='line_1_19' title="bbox 139 2483 1287 2564; baseline 0.006 -22"><span class='ocrx_word' id='word_1_153' title='bbox 139 2483 328 2544; x_wconf 85' lang='lat' dir='ltr'><strong>beneficium.</strong></span> <span class='ocrx_word' id='word_1_154' title='bbox 415 2485 486 2544; x_wconf 87' lang='lat' dir='ltr'><strong>ibid.</strong></span> <span class='ocrx_word' id='word_1_155' title='bbox 505 2487 565 2564; x_wconf 79' lang='lat'><strong>23,</strong></span> <span class='ocrx_word' id='word_1_156' title='bbox 581 2486 717 2546; x_wconf 86' lang='lat' dir='ltr'><strong>demissis</strong></span> <span class='ocrx_word' id='word_1_157' title='bbox 733 2486 863 2544; x_wconf 92' lang='lat' dir='ltr'><strong>humeris</strong></span> <span class='ocrx_word' id='word_1_158' title='bbox 875 2506 948 2559; x_wconf 90' lang='lat' dir='ltr'><strong>esse,</strong></span> <span class='ocrx_word' id='word_1_159' title='bbox 965 2487 1066 2546; x_wconf 92' lang='lat' dir='ltr'><strong>vincto</strong></span> <span class='ocrx_word' id='word_1_160' title='bbox 1078 2491 1208 2562; x_wconf 90' lang='lat' dir='ltr'><strong>pectore:</strong></span> <span class='ocrx_word' id='word_1_161' title='bbox 1224 2508 1287 2549; x_wconf 93' lang='lat' dir='ltr'><strong>non</strong></span> 
     </span>
     <span class='ocr_line' id='line_1_20' title="bbox 139 2565 1286 2648; baseline 0.005 -20"><span class='ocrx_word' id='word_1_162' title='bbox 139 2565 344 2645; x_wconf 75' lang='lat' dir='ltr'><strong>accipiendum</strong></span> <span class='ocrx_word' id='word_1_163' title='bbox 364 2574 411 2630; x_wconf 87' lang='lat' dir='ltr'><strong>est</strong></span> <span class='ocrx_word' id='word_1_164' title='bbox 432 2574 517 2648; x_wconf 88' lang='lat' dir='ltr'><strong>quasi</strong></span> <span class='ocrx_word' id='word_1_165' title='bbox 539 2571 594 2630; x_wconf 93' lang='lat' dir='ltr'><strong>hoc</strong></span> <span class='ocrx_word' id='word_1_166' title='bbox 617 2570 712 2635; x_wconf 90' lang='lat' dir='ltr'><strong>dicat:</strong></span> <span class='ocrx_word' id='word_1_167' title='bbox 736 2570 784 2628; x_wconf 88' lang='lat' dir='ltr'><strong>‘ad</strong></span> <span class='ocrx_word' id='word_1_168' title='bbox 807 2571 862 2630; x_wconf 92' lang='lat' dir='ltr'><strong>hoc</strong></span> <span class='ocrx_word' id='word_1_169' title='bbox 883 2571 949 2630; x_wconf 93' lang='lat' dir='ltr'><strong>illas</strong></span> <span class='ocrx_word' id='word_1_170' title='bbox 972 2573 1095 2631; x_wconf 89' lang='lat' dir='ltr'><strong>student</strong></span> <span class='ocrx_word' id='word_1_171' title='bbox 1114 2577 1222 2633; x_wconf 89' lang='lat' dir='ltr'><strong>matres</strong></span> <span class='ocrx_word' id='word_1_172' title='bbox 1239 2574 1286 2634; x_wconf 92' lang='lat' dir='ltr'><strong>de·</strong></span> 
     </span>
     <span class='ocr_line' id='line_1_21' title="bbox 139 2655 1286 2734; baseline 0.006 -22"><span class='ocrx_word' id='word_1_173' title='bbox 139 2655 240 2714; x_wconf 85' lang='lat' dir='ltr'><strong>missis</strong></span> <span class='ocrx_word' id='word_1_174' title='bbox 256 2655 466 2716; x_wconf 83' lang='lat' dir='ltr'><strong>humeris&#39;csse</strong></span> <span class='ocrx_word' id='word_1_175' title='bbox 483 2660 514 2713; x_wconf 93' lang='lat' dir='ltr'><strong>et</strong></span> <span class='ocrx_word' id='word_1_176' title='bbox 529 2656 630 2715; x_wconf 90' lang='lat' dir='ltr'><strong>vincto</strong></span> <span class='ocrx_word' id='word_1_177' title='bbox 646 2659 780 2732; x_wconf 82' lang='lat' dir='ltr'><strong>pectore,</strong></span> <span class='ocrx_word' id='word_1_178' title='bbox 801 2660 834 2715; x_wconf 96' lang='lat' dir='ltr'><strong>ut</strong></span> <span class='ocrx_word' id='word_1_179' title='bbox 849 2656 976 2731; x_wconf 83' lang='lat' dir='ltr'><strong>gracilae</strong></span> <span class='ocrx_word' id='word_1_180' title='bbox 992 2657 1093 2733; x_wconf 88' lang='lat' dir='ltr'><strong>sient&#39;,</strong></span> <span class='ocrx_word' id='word_1_181' title='bbox 1116 2659 1199 2734; x_wconf 86' lang='lat' dir='ltr'><strong>quasi</strong></span> <span class='ocrx_word' id='word_1_182' title='bbox 1214 2659 1286 2719; x_wconf 89' lang='lat' dir='ltr'><strong>haec</strong></span> 
     </span>
    </p>
   </div>
   <div class='ocr_carea' id='block_1_4' title="bbox 114 2837 1289 3722">
    <p class='ocr_par' dir='ltr' id='par_1_5' title="bbox 114 2837 1289 3722">
     <span class='ocr_line' id='line_1_22' title="bbox 207 2837 1283 2905; baseline 0.007 -17"><span class='ocrx_word' id='word_1_183' title='bbox 207 2854 369 2890; x_wconf 73' lang='lat' dir='ltr'><strong>souorarro</strong></span> <span class='ocrx_word' id='word_1_184' title='bbox 403 2843 415 2890; x_wconf 93' lang='lat' dir='ltr'><strong>l</strong></span> <span class='ocrx_word' id='word_1_185' title='bbox 440 2839 526 2891; x_wconf 86' lang='lat' dir='ltr'><strong>edidit</strong></span> <span class='ocrx_word' id='word_1_186' title='bbox 552 2837 736 2892; x_wconf 81' lang='lat' dir='ltr'><strong>Sabbadiniua</strong></span> <span class='ocrx_word' id='word_1_187' title='bbox 763 2841 806 2890; x_wconf 91' lang='lat' dir='ltr'><strong>vir</strong></span> <span class='ocrx_word' id='word_1_188' title='bbox 832 2841 934 2905; x_wconf 86' lang='lat' dir='ltr'><strong>optime</strong></span> <span class='ocrx_word' id='word_1_189' title='bbox 961 2841 1075 2891; x_wconf 87' lang='lat' dir='ltr'><strong>meritus</strong></span> <span class='ocrx_word' id='word_1_190' title='bbox 1102 2841 1192 2892; x_wconf 86' lang='lat' dir='ltr'><strong>atudd.</strong></span> <span class='ocrx_word' id='word_1_191' title='bbox 1220 2843 1283 2896; x_wconf 89' lang='lat' dir='ltr'><strong>Ital.</strong></span> 
     </span>
     <span class='ocr_line' id='line_1_23' title="bbox 141 2907 1286 2976; baseline 0.006 -21"><span class='ocrx_word' id='word_1_192' title='bbox 141 2913 207 2959; x_wconf 82' lang='lat' dir='ltr'><strong>tom.</strong></span> <span class='ocrx_word' id='word_1_193' title='bbox 225 2908 276 2958; x_wconf 90' lang='lat'><strong>111.</strong></span> <span class='ocrx_word' id='word_1_194' title='bbox 303 2909 380 2972; x_wconf 88' lang='lat' dir='ltr'><strong>atqui</strong></span> <span class='ocrx_word' id='word_1_195' title='bbox 399 2907 581 2973; x_wconf 83' lang='lat' dir='ltr'><strong>perpetienda</strong></span> <span class='ocrx_word' id='word_1_196' title='bbox 603 2908 654 2959; x_wconf 83' lang='lat' dir='ltr'><strong>illa</strong></span> <span class='ocrx_word' id='word_1_197' title='bbox 672 2913 745 2958; x_wconf 88' lang='lat' dir='ltr'><strong>sunt.</strong></span> <span class='ocrx_word' id='word_1_198' title='bbox 772 2911 866 2973; x_wconf 89' lang='lat' dir='ltr'><strong>itaque</strong></span> <span class='ocrx_word' id='word_1_199' title='bbox 885 2909 1024 2973; x_wconf 90' lang='lat' dir='ltr'><strong>principio</strong></span> <span class='ocrx_word' id='word_1_200' title='bbox 1043 2925 1075 2958; x_wconf 88' lang='lat' dir='ltr'><strong>ea</strong></span> <span class='ocrx_word' id='word_1_201' title='bbox 1093 2912 1286 2976; x_wconf 88' lang='lat' dir='ltr'><strong>proposuimus</strong></span> 
     </span>
     <span class='ocr_line' id='line_1_24' title="bbox 114 2960 1287 3042; baseline 0.004 -18"><span class='ocrx_word' id='word_1_202' title='bbox 114 2960 187 3025; x_wconf 71' lang='lat' dir='ltr'><strong>&#39;nbi</strong></span> <span class='ocrx_word' id='word_1_203' title='bbox 210 2973 295 3025; x_wconf 86' lang='lat' dir='ltr'><strong>Sabb.</strong></span> <span class='ocrx_word' id='word_1_204' title='bbox 319 2975 459 3040; x_wconf 79' lang='lat' dir='ltr'><strong>vulgatam</strong></span> <span class='ocrx_word' id='word_1_205' title='bbox 483 2981 511 3026; x_wconf 87' lang='lat' dir='ltr'><strong>et</strong></span> <span class='ocrx_word' id='word_1_206' title='bbox 534 2976 683 3027; x_wconf 85' lang='lat' dir='ltr'><strong>deteriores</strong></span> <span class='ocrx_word' id='word_1_207' title='bbox 708 2991 778 3041; x_wconf 90' lang='lat' dir='ltr'><strong>qnae</strong></span> <span class='ocrx_word' id='word_1_208' title='bbox 798 2977 958 3041; x_wconf 86' lang='lat' dir='ltr'><strong>conspirant</strong></span> <span class='ocrx_word' id='word_1_209' title='bbox 976 2975 1152 3042; x_wconf 88' lang='lat' dir='ltr'><strong>plerumque,</strong></span> <span class='ocrx_word' id='word_1_210' title='bbox 1176 2985 1287 3030; x_wconf 87' lang='lat' dir='ltr'><strong>secutus</strong></span> 
     </span>
     <span class='ocr_line' id='line_1_25' title="bbox 141 3042 1286 3110; baseline 0.003 -18"><span class='ocrx_word' id='word_1_211' title='bbox 141 3049 199 3104; x_wconf 88' lang='lat' dir='ltr'><strong>est,</strong></span> <span class='ocrx_word' id='word_1_212' title='bbox 222 3042 331 3093; x_wconf 84' lang='lat' dir='ltr'><strong>codices</strong></span> <span class='ocrx_word' id='word_1_213' title='bbox 353 3042 397 3092; x_wconf 88' lang='lat' dir='ltr'><strong>vel</strong></span> <span class='ocrx_word' id='word_1_214' title='bbox 419 3059 514 3094; x_wconf 85' lang='lat' dir='ltr'><strong>omnes</strong></span> <span class='ocrx_word' id='word_1_215' title='bbox 538 3044 583 3094; x_wconf 90' lang='lat' dir='ltr'><strong>vel</strong></span> <span class='ocrx_word' id='word_1_216' title='bbox 606 3045 693 3094; x_wconf 85' lang='lat' dir='ltr'><strong>bonos</strong></span> <span class='ocrx_word' id='word_1_217' title='bbox 716 3047 796 3094; x_wconf 88' lang='lat' dir='ltr'><strong>unice</strong></span> <span class='ocrx_word' id='word_1_218' title='bbox 819 3044 942 3110; x_wconf 79' lang='lat' dir='ltr'><strong>oP(&#39;l&#39;)V</strong></span> <span class='ocrx_word' id='word_1_219' title='bbox 962 3045 1102 3108; x_wconf 72' lang='lat' dir='ltr'><strong>neglexit:</strong></span> <span class='ocrx_word' id='word_1_220' title='bbox 1124 3062 1173 3096; x_wconf 92' lang='lat' dir='ltr'><strong>nos</strong></span> <span class='ocrx_word' id='word_1_221' title='bbox 1193 3063 1226 3096; x_wconf 86' lang='lat' dir='ltr'><strong>ex</strong></span> <span class='ocrx_word' id='word_1_222' title='bbox 1244 3048 1286 3097; x_wconf 87' lang='lat' dir='ltr'><strong>his</strong></span> 
     </span>
     <span class='ocr_line' id='line_1_26' title="bbox 142 3110 1287 3180; baseline 0.005 -20"><span class='ocrx_word' id='word_1_223' title='bbox 142 3110 299 3170; x_wconf 89' lang='lat' dir='ltr'><strong>emandare,</strong></span> <span class='ocrx_word' id='word_1_224' title='bbox 318 3110 369 3161; x_wconf 83' lang='lat' dir='ltr'><strong>illa</strong></span> <span class='ocrx_word' id='word_1_225' title='bbox 382 3112 493 3163; x_wconf 85' lang='lat' dir='ltr'><strong>abicere</strong></span> <span class='ocrx_word' id='word_1_226' title='bbox 507 3112 649 3163; x_wconf 88' lang='lat' dir='ltr'><strong>maluimus</strong></span> <span class='ocrx_word' id='word_1_227' title='bbox 718 3116 734 3161; x_wconf 88' lang='grc'>4</span> <span class='ocrx_word' id='word_1_228' title='bbox 753 3113 788 3163; x_wconf 87' lang='lat' dir='ltr'><strong>cf.</strong></span> <span class='ocrx_word' id='word_1_229' title='bbox 800 3113 885 3162; x_wconf 85' lang='lat' dir='ltr'><strong>schol.</strong></span> <span class='ocrx_word' id='word_1_230' title='bbox 900 3128 924 3177; x_wconf 90' lang='lat' dir='ltr'><strong>q.</strong></span> <span class='ocrx_word' id='word_1_231' title='bbox 940 3128 961 3162; x_wconf 88' lang='lat' dir='ltr'><strong>s.</strong></span> <span class='ocrx_word' id='word_1_232' title='bbox 976 3113 1138 3175; x_wconf 85' lang='lat' dir='ltr'><strong>gemellum:</strong></span> <span class='ocrx_word' id='word_1_233' title='bbox 1158 3123 1184 3164; x_wconf 83' lang='lat' dir='ltr'><strong>et</strong></span> <span class='ocrx_word' id='word_1_234' title='bbox 1195 3132 1287 3180; x_wconf 83' lang='lat' dir='ltr'><strong>mapna</strong></span> 
     </span>
     <span class='ocr_line' id='line_1_27' title="bbox 137 3180 1286 3246; baseline 0.005 -18"><span class='ocrx_word' id='word_1_235' title='bbox 137 3184 233 3242; x_wconf 84' lang='lat' dir='ltr'><strong>poetae</strong></span> <span class='ocrx_word' id='word_1_236' title='bbox 259 3195 322 3229; x_wconf 86' lang='lat' dir='ltr'><strong>cara</strong></span> <span class='ocrx_word' id='word_1_237' title='bbox 351 3186 388 3230; x_wconf 83' lang='lat' dir='ltr'><strong>est</strong></span> <span class='ocrx_word' id='word_1_238' title='bbox 417 3196 448 3231; x_wconf 82' lang='lat' dir='ltr'><strong>ne</strong></span> <span class='ocrx_word' id='word_1_239' title='bbox 475 3180 625 3231; x_wconf 81' lang='lat' dir='ltr'><strong>incredibile</strong></span> <span class='ocrx_word' id='word_1_240' title='bbox 653 3183 772 3230; x_wconf 80' lang='lat' dir='ltr'><strong>videatur</strong></span> <span class='ocrx_word' id='word_1_241' title='bbox 798 3182 1011 3232; x_wconf 82' lang='lat' dir='ltr'><strong>adulescentulam</strong></span> <span class='ocrx_word' id='word_1_242' title='bbox 1039 3187 1082 3246; x_wconf 79' lang='lat' dir='ltr'><strong>qur·</strong></span> <span class='ocrx_word' id='word_1_243' title='bbox 1102 3199 1151 3245; x_wconf 85' lang='lat' dir='ltr'><strong>pro</strong></span> <span class='ocrx_word' id='word_1_244' title='bbox 1175 3185 1286 3234; x_wconf 72' lang='lat' dir='ltr'><strong>eunucho</strong></span> 
     </span>
     <span class='ocr_line' id='line_1_28' title="bbox 140 3247 1287 3314; baseline 0.004 -19"><span class='ocrx_word' id='word_1_245' title='bbox 140 3247 234 3296; x_wconf 85' lang='lat' dir='ltr'><strong>deduci</strong></span> <span class='ocrx_word' id='word_1_246' title='bbox 259 3249 372 3310; x_wconf 80' lang='lat' dir='ltr'><strong>poluerit</strong></span> <span class='ocrx_word' id='word_1_247' title='bbox 399 3255 449 3298; x_wconf 81' lang='lat' dir='ltr'><strong>tam</strong></span> <span class='ocrx_word' id='word_1_248' title='bbox 471 3251 595 3314; x_wconf 74' lang='lat' dir='ltr'><strong>eapedite</strong></span> <span class='ocrx_word' id='word_1_249' title='bbox 617 3251 739 3313; x_wconf 80' lang='lat' dir='ltr'><strong>cirpinem</strong></span> <span class='ocrx_word' id='word_1_250' title='bbox 760 3250 872 3300; x_wconf 80' lang='lat' dir='ltr'><strong>uitiasse.</strong></span> <span class='ocrx_word' id='word_1_251' title='bbox 913 3250 1035 3314; x_wconf 82' lang='lat' dir='ltr'><strong>quocirca</strong></span> <span class='ocrx_word' id='word_1_252' title='bbox 1058 3250 1159 3314; x_wconf 75' lang='lat' dir='ltr'><strong>artifex</strong></span> <span class='ocrx_word' id='word_1_253' title='bbox 1181 3267 1287 3306; x_wconf 71' lang='lat' dir='ltr'><strong>stammas</strong></span> 
     </span>
     <span class='ocr_line' id='line_1_29' title="bbox 139 3315 1287 3384; baseline 0.006 -21"><span class='ocrx_word' id='word_1_254' title='bbox 139 3315 210 3379; x_wconf 84' lang='lat' dir='ltr'><strong>quod</strong></span> <span class='ocrx_word' id='word_1_255' title='bbox 231 3317 314 3366; x_wconf 82' lang='lat' dir='ltr'><strong>aelati</strong></span> <span class='ocrx_word' id='word_1_256' title='bbox 334 3332 385 3367; x_wconf 86' lang='lat' dir='ltr'><strong>aaa</strong></span> <span class='ocrx_word' id='word_1_257' title='bbox 403 3323 492 3380; x_wconf 79' lang='lat' dir='ltr'><strong>potest</strong></span> <span class='ocrx_word' id='word_1_258' title='bbox 515 3324 623 3367; x_wconf 78' lang='lat' dir='ltr'><strong>natarae</strong></span> <span class='ocrx_word' id='word_1_259' title='bbox 646 3317 761 3367; x_wconf 66' lang='lat' dir='ltr'><strong>attdbait</strong></span> <span class='ocrx_word' id='word_1_260' title='bbox 788 3317 931 3378; x_wconf 82' lang='lat' dir='ltr'><strong>Chaereae,</strong></span> <span class='ocrx_word' id='word_1_261' title='bbox 956 3323 983 3366; x_wconf 84' lang='lat' dir='ltr'><strong>ut</strong></span> <span class='ocrx_word' id='word_1_262' title='bbox 1006 3318 1116 3368; x_wconf 85' lang='lat' dir='ltr'><strong>calidior</strong></span> <span class='ocrx_word' id='word_1_263' title='bbox 1139 3321 1239 3384; x_wconf 78' lang='lat' dir='ltr'><strong>inperio</strong></span> <span class='ocrx_word' id='word_1_264' title='bbox 1261 3328 1287 3370; x_wconf 84' lang='lat' dir='ltr'><strong>et</strong></span> 
     </span>
     <span class='ocr_line' id='line_1_30' title="bbox 139 3385 1289 3452; baseline 0.006 -20"><span class='ocrx_word' id='word_1_265' title='bbox 139 3391 201 3432; x_wconf 80' lang='lat' dir='ltr'><strong>ante</strong></span> <span class='ocrx_word' id='word_1_266' title='bbox 225 3398 306 3434; x_wconf 80' lang='lat' dir='ltr'><strong>aanor</strong></span> <span class='ocrx_word' id='word_1_267' title='bbox 328 3391 428 3435; x_wconf 81' lang='lat' dir='ltr'><strong>amator</strong></span> <span class='ocrx_word' id='word_1_268' title='bbox 451 3400 501 3435; x_wconf 85' lang='lat' dir='ltr'><strong>noa</strong></span> <span class='ocrx_word' id='word_1_269' title='bbox 522 3386 649 3436; x_wconf 83' lang='lat' dir='ltr'><strong>libidinem</strong></span> <span class='ocrx_word' id='word_1_270' title='bbox 671 3389 696 3434; x_wconf 84' lang='lat' dir='ltr'><strong>in</strong></span> <span class='ocrx_word' id='word_1_271' title='bbox 719 3387 841 3436; x_wconf 70' lang='lat' dir='ltr'><strong>aesebed</strong></span> <span class='ocrx_word' id='word_1_272' title='bbox 858 3387 983 3450; x_wconf 82' lang='lat' dir='ltr'><strong>quandam</strong></span> <span class='ocrx_word' id='word_1_273' title='bbox 1000 3385 1098 3435; x_wconf 84' lang='lat' dir='ltr'><strong>rabiem</strong></span> <span class='ocrx_word' id='word_1_274' title='bbox 1115 3388 1289 3452; x_wconf 82' lang='lat' dir='ltr'><strong>desipnaoerit</strong></span> 
     </span>
     <span class='ocr_line' id='line_1_31' title="bbox 138 3452 1286 3516; baseline 0.004 -16"><span class='ocrx_word' id='word_1_275' title='bbox 138 3452 167 3500; x_wconf 84' lang='lat' dir='ltr'><strong>ia</strong></span> <span class='ocrx_word' id='word_1_276' title='bbox 188 3453 304 3502; x_wconf 83' lang='lat' dir='ltr'><strong>venerios</strong></span> <span class='ocrx_word' id='word_1_277' title='bbox 325 3455 465 3516; x_wconf 80' lang='lat' dir='ltr'><strong>appetitur.</strong></span> <span class='ocrx_word' id='word_1_278' title='bbox 502 3453 596 3503; x_wconf 88' lang='lat' dir='ltr'><strong>eodem</strong></span> <span class='ocrx_word' id='word_1_279' title='bbox 619 3459 747 3516; x_wconf 88' lang='lat' dir='ltr'><strong>spectant</strong></span> <span class='ocrx_word' id='word_1_280' title='bbox 768 3453 866 3504; x_wconf 87' lang='lat' dir='ltr'><strong>acholl.</strong></span> <span class='ocrx_word' id='word_1_281' title='bbox 890 3471 916 3503; x_wconf 91' lang='lat' dir='ltr'><strong>v.</strong></span> <span class='ocrx_word' id='word_1_282' title='bbox 936 3455 964 3514; x_wconf 77' lang='lat'><strong>53</strong></span> <span class='ocrx_word' id='word_1_283' title='bbox 990 3453 1028 3503; x_wconf 93' lang='lat' dir='ltr'><strong>IV</strong></span> <span class='ocrx_word' id='word_1_284' title='bbox 1047 3456 1106 3514; x_wconf 85' lang='lat'><strong>3,3</strong></span> <span class='ocrx_word' id='word_1_285' title='bbox 1182 3456 1286 3507; x_wconf 79' lang='lat' dir='ltr'><strong>baudi</strong></span> 
     </span>
     <span class='ocr_line' id='line_1_32' title="bbox 140 3518 1286 3587; baseline 0.007 -20"><span class='ocrx_word' id='word_1_286' title='bbox 140 3518 293 3568; x_wconf 85' lang='lat' dir='ltr'><strong>rhetorem:</strong></span> <span class='ocrx_word' id='word_1_287' title='bbox 313 3536 347 3570; x_wconf 83' lang='lat' dir='ltr'><strong>aa</strong></span> <span class='ocrx_word' id='word_1_288' title='bbox 364 3522 456 3570; x_wconf 81' lang='lat' dir='ltr'><strong>debeat</strong></span> <span class='ocrx_word' id='word_1_289' title='bbox 473 3530 611 3584; x_wconf 81' lang='lat' dir='ltr'><strong>praestare</strong></span> <span class='ocrx_word' id='word_1_290' title='bbox 629 3524 673 3586; x_wconf 85' lang='lat' dir='ltr'><strong>qai</strong></span> <span class='ocrx_word' id='word_1_291' title='bbox 688 3524 767 3571; x_wconf 85' lang='lat' dir='ltr'><strong>viram</strong></span> <span class='ocrx_word' id='word_1_292' title='bbox 783 3537 812 3571; x_wconf 85' lang='lat' dir='ltr'><strong>se</strong></span> <span class='ocrx_word' id='word_1_293' title='bbox 829 3524 867 3571; x_wconf 81' lang='lat' dir='ltr'><strong>cic</strong></span> <span class='ocrx_word' id='word_1_294' title='bbox 885 3528 1070 3572; x_wconf 79' lang='lat' dir='ltr'><strong>monstraturus</strong></span> <span class='ocrx_word' id='word_1_295' title='bbox 1083 3528 1121 3571; x_wconf 81' lang='lat' dir='ltr'><strong>est</strong></span> <span class='ocrx_word' id='word_1_296' title='bbox 1134 3521 1181 3586; x_wconf 88' lang='lat' dir='ltr'><strong>(ad</strong></span> <span class='ocrx_word' id='word_1_297' title='bbox 1194 3540 1219 3576; x_wconf 92' lang='lat' dir='ltr'><strong>v.</strong></span> <span class='ocrx_word' id='word_1_298' title='bbox 1234 3524 1286 3587; x_wconf 81' lang='lat' dir='ltr'><strong>lo),</strong></span> 
     </span>
     <span class='ocr_line' id='line_1_33' title="bbox 140 3588 1287 3656; baseline 0.007 -21"><span class='ocrx_word' id='word_1_299' title='bbox 140 3602 175 3636; x_wconf 85' lang='lat' dir='ltr'><strong>an</strong></span> <span class='ocrx_word' id='word_1_300' title='bbox 192 3601 296 3637; x_wconf 79' lang='lat' dir='ltr'><strong>neeesse</strong></span> <span class='ocrx_word' id='word_1_301' title='bbox 313 3593 347 3638; x_wconf 80' lang='lat' dir='ltr'><strong>sit</strong></span> <span class='ocrx_word' id='word_1_302' title='bbox 365 3596 502 3651; x_wconf 81' lang='lat' dir='ltr'><strong>praestare</strong></span> <span class='ocrx_word' id='word_1_303' title='bbox 520 3605 574 3638; x_wconf 85' lang='lat' dir='ltr'><strong>eam</strong></span> <span class='ocrx_word' id='word_1_304' title='bbox 592 3591 635 3655; x_wconf 86' lang='lat' dir='ltr'><strong>qai</strong></span> <span class='ocrx_word' id='word_1_305' title='bbox 651 3591 798 3653; x_wconf 82' lang='lat' dir='ltr'><strong>promiserit</strong></span> <span class='ocrx_word' id='word_1_306' title='bbox 817 3588 854 3653; x_wconf 91' lang='lat' dir='ltr'><strong>(v.</strong></span> <span class='ocrx_word' id='word_1_307' title='bbox 876 3591 931 3650; x_wconf 79' lang='lat'><strong>17),</strong></span> <span class='ocrx_word' id='word_1_308' title='bbox 953 3606 986 3638; x_wconf 88' lang='lat' dir='ltr'><strong>an</strong></span> <span class='ocrx_word' id='word_1_309' title='bbox 1004 3592 1087 3652; x_wconf 78' lang='lat' dir='ltr'><strong>possit</strong></span> <span class='ocrx_word' id='word_1_310' title='bbox 1105 3592 1148 3656; x_wconf 85' lang='lat' dir='ltr'><strong>qai</strong></span> <span class='ocrx_word' id='word_1_311' title='bbox 1162 3607 1241 3656; x_wconf 82' lang='lat' dir='ltr'><strong>posse</strong></span> <span class='ocrx_word' id='word_1_312' title='bbox 1258 3608 1287 3643; x_wconf 85' lang='lat' dir='ltr'><strong>se</strong></span> 
     </span>
     <span class='ocr_line' id='line_1_34' title="bbox 141 3653 860 3722; baseline 0.003 -19"><span class='ocrx_word' id='word_1_313' title='bbox 141 3653 336 3722; x_wconf 58' lang='lat' dir='ltr'><strong>affirmabitis</strong></span> <span class='ocrx_word' id='word_1_314' title='bbox 356 3657 406 3717; x_wconf 87' lang='grc'>18).</span> <span class='ocrx_word' id='word_1_315' title='bbox 443 3673 509 3707; x_wconf 89' lang='lat' dir='ltr'><strong>ecce</strong></span> <span class='ocrx_word' id='word_1_316' title='bbox 529 3663 653 3720; x_wconf 87' lang='lat' dir='ltr'><strong>quartam</strong></span> <span class='ocrx_word' id='word_1_317' title='bbox 674 3657 860 3721; x_wconf 86' lang='lat' dir='ltr'><strong>quaestionem</strong></span> 
     </span>
    </p>
   </div>
   <div class='ocr_carea' id='block_1_5' title="bbox 141 3809 1286 4346">
    <p class='ocr_par' dir='ltr' id='par_1_6' title="bbox 141 3809 1286 4148">
     <span class='ocr_line' id='line_1_35' title="bbox 210 3809 1284 3875; baseline 0.006 -20"><span class='ocrx_word' id='word_1_318' title='bbox 210 3817 415 3859; x_wconf 75' lang='lat' dir='ltr'><strong>pracanennrra</strong></span> <span class='ocrx_word' id='word_1_319' title='bbox 440 3823 609 3861; x_wconf 68' lang='lat' dir='ltr'><strong>scaurum</strong></span> <span class='ocrx_word' id='word_1_320' title='bbox 635 3812 649 3860; x_wconf 93' lang='grc'>1</span> <span class='ocrx_word' id='word_1_321' title='bbox 674 3809 877 3875; x_wconf 88' lang='lat' dir='ltr'><strong>imprudentiae</strong></span> <span class='ocrx_word' id='word_1_322' title='bbox 900 3810 1083 3874; x_wconf 89' lang='lat' dir='ltr'><strong>ignorantiam</strong></span> <span class='ocrx_word' id='word_1_323' title='bbox 1103 3828 1158 3862; x_wconf 92' lang='lat' dir='ltr'><strong>non</strong></span> <span class='ocrx_word' id='word_1_324' title='bbox 1176 3813 1284 3875; x_wconf 88' lang='lat' dir='ltr'><strong>imperi·</strong></span> 
     </span>
     <span class='ocr_line' id='line_1_36' title="bbox 141 3876 1285 3943; baseline 0.004 -19"><span class='ocrx_word' id='word_1_325' title='bbox 141 3878 208 3924; x_wconf 86' lang='lat' dir='ltr'><strong>tiam</strong></span> <span class='ocrx_word' id='word_1_326' title='bbox 228 3876 287 3925; x_wconf 84' lang='lat' dir='ltr'><strong>libri</strong></span> <span class='ocrx_word' id='word_1_327' title='bbox 302 3876 502 3942; x_wconf 88' lang='lat' dir='ltr'><strong>imprudentia:</strong></span> <span class='ocrx_word' id='word_1_328' title='bbox 522 3878 690 3942; x_wconf 83' lang='lat' dir='ltr'><strong>ignorantis,</strong></span> <span class='ocrx_word' id='word_1_329' title='bbox 711 3881 765 3927; x_wconf 90' lang='lat' dir='ltr'><strong>non</strong></span> <span class='ocrx_word' id='word_1_330' title='bbox 779 3879 917 3943; x_wconf 89' lang='lat' dir='ltr'><strong>imperitia</strong></span> <span class='ocrx_word' id='word_1_331' title='bbox 929 3881 994 3941; x_wconf 84' lang='lat' dir='ltr'><strong>culp.</strong></span> <span class='ocrx_word' id='word_1_332' title='bbox 1007 3879 1075 3929; x_wconf 86' lang='lat' dir='ltr'><strong>Sabb</strong></span> <span class='ocrx_word' id='word_1_333' title='bbox 1145 3884 1159 3927; x_wconf 64' lang='lat'><strong>⁶2</strong></span> <span class='ocrx_word' id='word_1_334' title='bbox 1178 3876 1285 3943; x_wconf 86' lang='lat' dir='ltr'><strong>&lt;signi-</strong></span> 
     </span>
     <span class='ocr_line' id='line_1_37' title="bbox 141 3940 1286 4010; baseline 0.005 -18"><span class='ocrx_word' id='word_1_335' title='bbox 141 3940 228 4010; x_wconf 85' lang='lat' dir='ltr'><strong>ficat&gt;</strong></span> <span class='ocrx_word' id='word_1_336' title='bbox 246 3947 394 4008; x_wconf 82' lang='lat' dir='ltr'><strong>compendio</strong></span> <span class='ocrx_word' id='word_1_337' title='bbox 411 3948 533 4010; x_wconf 80' lang='lat' dir='ltr'><strong>scriptam</strong></span> <span class='ocrx_word' id='word_1_338' title='bbox 551 3955 608 3995; x_wconf 83' lang='lat' dir='ltr'><strong>erat</strong></span> <span class='ocrx_word' id='word_1_339' title='bbox 678 3950 694 3998; x_wconf 83' lang='lat'><strong>3</strong></span> <span class='ocrx_word' id='word_1_340' title='bbox 712 3947 760 3996; x_wconf 82' lang='lat' dir='ltr'><strong>sed</strong></span> <span class='ocrx_word' id='word_1_341' title='bbox 780 3951 885 3997; x_wconf 87' lang='lat' dir='ltr'><strong>amator</strong></span> <span class='ocrx_word' id='word_1_342' title='bbox 903 3962 974 3996; x_wconf 91' lang='lat' dir='ltr'><strong>nunc</strong></span> <span class='ocrx_word' id='word_1_343' title='bbox 992 3947 1075 3998; x_wconf 90' lang='lat' dir='ltr'><strong>oPV:</strong></span> <span class='ocrx_word' id='word_1_344' title='bbox 1089 3948 1136 3998; x_wconf 88' lang='lat' dir='ltr'><strong>sed</strong></span> <span class='ocrx_word' id='word_1_345' title='bbox 1155 3948 1219 4009; x_wconf 91' lang='lat' dir='ltr'><strong>quia</strong></span> <span class='ocrx_word' id='word_1_346' title='bbox 1233 3963 1286 4000; x_wconf 89' lang='lat' dir='ltr'><strong>nec</strong></span> 
     </span>
     <span class='ocr_line' id='line_1_38' title="bbox 142 4013 1285 4079; baseline 0.005 -19"><span class='ocrx_word' id='word_1_347' title='bbox 142 4018 248 4062; x_wconf 84' lang='lat' dir='ltr'><strong>amator</strong></span> <span class='ocrx_word' id='word_1_348' title='bbox 270 4027 319 4063; x_wconf 88' lang='lat' dir='ltr'><strong>nec</strong></span> <span class='ocrx_word' id='word_1_349' title='bbox 341 4014 404 4066; x_wconf 80' lang='lat' dir='ltr'><strong>dect.</strong></span> <span class='ocrx_word' id='word_1_350' title='bbox 427 4017 490 4077; x_wconf 82' lang='lat' dir='ltr'><strong>oalp.</strong></span> <span class='ocrx_word' id='word_1_351' title='bbox 515 4013 584 4064; x_wconf 89' lang='lat' dir='ltr'><strong>Sabb</strong></span> <span class='ocrx_word' id='word_1_352' title='bbox 670 4018 686 4064; x_wconf 89' lang='grc'>4</span> <span class='ocrx_word' id='word_1_353' title='bbox 706 4015 752 4063; x_wconf 88' lang='lat' dir='ltr'><strong>hic</strong></span> <span class='ocrx_word' id='word_1_354' title='bbox 770 4016 865 4078; x_wconf 81' lang='lat' dir='ltr'><strong>vTV,:</strong></span> <span class='ocrx_word' id='word_1_355' title='bbox 889 4013 942 4065; x_wconf 90' lang='lat' dir='ltr'><strong>hoc</strong></span> <span class='ocrx_word' id='word_1_356' title='bbox 960 4015 995 4079; x_wconf 83' lang='lat' dir='ltr'><strong>V,</strong></span> <span class='ocrx_word' id='word_1_357' title='bbox 1013 4032 1065 4065; x_wconf 83' lang='lat' dir='ltr'><strong>cam</strong></span> <span class='ocrx_word' id='word_1_358' title='bbox 1083 4018 1146 4066; x_wconf 79' lang='lat' dir='ltr'><strong>dett.</strong></span> <span class='ocrx_word' id='word_1_359' title='bbox 1166 4021 1193 4063; x_wconf 76' lang='lat' dir='ltr'><strong>ab</strong></span> <span class='ocrx_word' id='word_1_360' title='bbox 1210 4018 1285 4079; x_wconf 81' lang='lat' dir='ltr'><strong>solet,</strong></span> 
     </span>
     <span class='ocr_line' id='line_1_39' title="bbox 142 4079 1285 4148; baseline 0.005 -19"><span class='ocrx_word' id='word_1_361' title='bbox 142 4079 210 4129; x_wconf 86' lang='lat' dir='ltr'><strong>Sabb</strong></span> <span class='ocrx_word' id='word_1_362' title='bbox 296 4080 426 4132; x_wconf 81' lang='lat' dir='ltr'><strong>inseritur</strong></span> <span class='ocrx_word' id='word_1_363' title='bbox 454 4083 524 4147; x_wconf 89' lang='lat' dir='ltr'><strong>quod</strong></span> <span class='ocrx_word' id='word_1_364' title='bbox 553 4079 640 4148; x_wconf 86' lang='lat' dir='ltr'><strong>deest]</strong></span> <span class='ocrx_word' id='word_1_365' title='bbox 668 4083 750 4134; x_wconf 86' lang='lat' dir='ltr'><strong>istius</strong></span> <span class='ocrx_word' id='word_1_366' title='bbox 777 4083 886 4147; x_wconf 89' lang='lat' dir='ltr'><strong>quidem</strong></span> <span class='ocrx_word' id='word_1_367' title='bbox 915 4081 981 4146; x_wconf 80' lang='lat' dir='ltr'><strong>(aur</strong></span> <span class='ocrx_word' id='word_1_368' title='bbox 1003 4082 1036 4146; x_wconf 80' lang='lat' dir='ltr'><strong>T)</strong></span> <span class='ocrx_word' id='word_1_369' title='bbox 1065 4089 1107 4131; x_wconf 86' lang='lat' dir='ltr'><strong>est</strong></span> <span class='ocrx_word' id='word_1_370' title='bbox 1133 4082 1193 4133; x_wconf 82' lang='lat' dir='ltr'><strong>libri</strong></span> <span class='ocrx_word' id='word_1_371' title='bbox 1217 4082 1285 4135; x_wconf 91' lang='lat' dir='ltr'><strong>Sabb</strong></span> 
     </span>
    </p>

    <p class='ocr_par' dir='ltr' id='par_1_7' title="bbox 143 4148 1286 4346">
     <span class='ocr_line' id='line_1_40' title="bbox 211 4148 1285 4216; baseline 0.002 -18"><span class='ocrx_word' id='word_1_372' title='bbox 211 4149 226 4197; x_wconf 88' lang='grc'><strong>6</strong></span> <span class='ocrx_word' id='word_1_373' title='bbox 250 4164 285 4199; x_wconf 89' lang='lat' dir='ltr'><strong>an</strong></span> <span class='ocrx_word' id='word_1_374' title='bbox 309 4149 333 4198; x_wconf 86' lang='lat' dir='ltr'><strong>la</strong></span> <span class='ocrx_word' id='word_1_375' title='bbox 355 4148 481 4216; x_wconf 82' lang='lat' dir='ltr'><strong>de(beat)</strong></span> <span class='ocrx_word' id='word_1_376' title='bbox 505 4151 551 4216; x_wconf 94' lang='lat' dir='ltr'><strong>qui</strong></span> <span class='ocrx_word' id='word_1_377' title='bbox 573 4148 612 4215; x_wconf 88' lang='lat' dir='ltr'><strong>et]</strong></span> <span class='ocrx_word' id='word_1_378' title='bbox 630 4151 697 4201; x_wconf 90' lang='lat' dir='ltr'><strong>dicit</strong></span> <span class='ocrx_word' id='word_1_379' title='bbox 717 4152 777 4200; x_wconf 86' lang='lat' dir='ltr'><strong>anis</strong></span> <span class='ocrx_word' id='word_1_380' title='bbox 797 4166 849 4215; x_wconf 89' lang='lat' dir='ltr'><strong>que</strong></span> <span class='ocrx_word' id='word_1_381' title='bbox 868 4156 895 4200; x_wconf 89' lang='lat' dir='ltr'><strong>et</strong></span> <span class='ocrx_word' id='word_1_382' title='bbox 913 4152 935 4199; x_wconf 83' lang='grc' dir='ltr'><strong>Τ</strong></span> <span class='ocrx_word' id='word_1_383' title='bbox 953 4150 988 4203; x_wconf 93' lang='lat' dir='ltr'><strong>di.</strong></span> <span class='ocrx_word' id='word_1_384' title='bbox 1008 4166 1034 4214; x_wconf 93' lang='lat' dir='ltr'><strong>q.</strong></span> <span class='ocrx_word' id='word_1_385' title='bbox 1054 4158 1082 4202; x_wconf 83' lang='lat' dir='ltr'><strong>et</strong></span> <span class='ocrx_word' id='word_1_386' title='bbox 1098 4167 1112 4201; x_wconf 87' lang='lat' dir='ltr'><strong>o</strong></span> <span class='ocrx_word' id='word_1_387' title='bbox 1129 4150 1198 4202; x_wconf 88' lang='lat' dir='ltr'><strong>dicit</strong></span> <span class='ocrx_word' id='word_1_388' title='bbox 1217 4168 1285 4202; x_wconf 88' lang='lat' dir='ltr'><strong>anua</strong></span> 
     </span>
     <span class='ocr_line' id='line_1_41' title="bbox 143 4215 1286 4282; baseline 0.005 -18"><span class='ocrx_word' id='word_1_389' title='bbox 143 4230 215 4280; x_wconf 88' lang='lat' dir='ltr'><strong>quae</strong></span> <span class='ocrx_word' id='word_1_390' title='bbox 238 4215 284 4280; x_wconf 90' lang='lat' dir='ltr'><strong>(ae</strong></span> <span class='ocrx_word' id='word_1_391' title='bbox 302 4233 338 4269; x_wconf 72' lang='lat' dir='ltr'><strong>erc</strong></span> <span class='ocrx_word' id='word_1_392' title='bbox 356 4218 437 4281; x_wconf 84' lang='lat' dir='ltr'><strong>carr.)</strong></span> <span class='ocrx_word' id='word_1_393' title='bbox 458 4224 486 4268; x_wconf 89' lang='lat' dir='ltr'><strong>et</strong></span> <span class='ocrx_word' id='word_1_394' title='bbox 504 4217 541 4268; x_wconf 89' lang='lat' dir='ltr'><strong>V:</strong></span> <span class='ocrx_word' id='word_1_395' title='bbox 563 4220 606 4269; x_wconf 88' lang='lat' dir='ltr'><strong>sic</strong></span> <span class='ocrx_word' id='word_1_396' title='bbox 624 4220 692 4270; x_wconf 88' lang='lat' dir='ltr'><strong>dicit</strong></span> <span class='ocrx_word' id='word_1_397' title='bbox 711 4234 780 4270; x_wconf 84' lang='lat' dir='ltr'><strong>anus</strong></span> <span class='ocrx_word' id='word_1_398' title='bbox 799 4233 869 4281; x_wconf 90' lang='lat' dir='ltr'><strong>quae</strong></span> <span class='ocrx_word' id='word_1_399' title='bbox 889 4225 917 4268; x_wconf 89' lang='lat' dir='ltr'><strong>et</strong></span> <span class='ocrx_word' id='word_1_400' title='bbox 935 4221 997 4268; x_wconf 84' lang='lat' dir='ltr'><strong>deu.</strong></span> <span class='ocrx_word' id='word_1_401' title='bbox 1016 4221 1080 4282; x_wconf 77' lang='lat' dir='ltr'><strong>culp.</strong></span> <span class='ocrx_word' id='word_1_402' title='bbox 1116 4220 1155 4270; x_wconf 91' lang='lat' dir='ltr'><strong>sic</strong></span> <span class='ocrx_word' id='word_1_403' title='bbox 1173 4220 1242 4270; x_wconf 86' lang='lat' dir='ltr'><strong>dicit</strong></span> <span class='ocrx_word' id='word_1_404' title='bbox 1261 4222 1286 4270; x_wconf 92' lang='lat' dir='ltr'><strong>ei</strong></span> 
     </span>
     <span class='ocr_line' id='line_1_42' title="bbox 144 4284 359 4346; baseline 0.019 -14"><span class='ocrx_word' id='word_1_405' title='bbox 144 4284 272 4346; x_wconf 82' lang='lat' dir='ltr'><strong>quiante</strong></span> <span class='ocrx_word' id='word_1_406' title='bbox 291 4284 359 4336; x_wconf 87' lang='lat' dir='ltr'><strong>Sabb</strong></span> 
     </span>
    </p>
   </div>
   <div class='ocr_carea' id='block_1_6' title="bbox 192 4370 1084 4431">
    <p class='ocr_par' dir='ltr' id='par_1_8' title="bbox 192 4370 1084 4431">
     <span class='ocr_line' id='line_1_43' title="bbox 192 4370 1084 4431; baseline 0.012 -19"><span class='ocrx_word' id='word_1_407' title='bbox 192 4370 328 4418; x_wconf 81' lang='lat' dir='ltr'><strong>Jahrbbchar</strong></span> <span class='ocrx_word' id='word_1_408' title='bbox 339 4381 373 4418; x_wconf 81' lang='lat' dir='ltr'><strong>l&#39;i&#39;rr</strong></span> <span class='ocrx_word' id='word_1_409' title='bbox 383 4377 449 4418; x_wconf 75' lang='lat' dir='ltr'><strong>clava.</strong></span> <span class='ocrx_word' id='word_1_410' title='bbox 459 4378 538 4431; x_wconf 85' lang='lat' dir='ltr'><strong>philol.</strong></span> <span class='ocrx_word' id='word_1_411' title='bbox 548 4379 597 4420; x_wconf 81' lang='grc'><strong>1897</strong></span> <span class='ocrx_word' id='word_1_412' title='bbox 609 4379 652 4418; x_wconf 79' lang='lat' dir='ltr'><strong>hit.</strong></span> <span class='ocrx_word' id='word_1_413' title='bbox 661 4379 673 4417; x_wconf 91' lang='lat'>4</span> <span class='ocrx_word' id='word_1_414' title='bbox 683 4389 704 4421; x_wconf 91' lang='lat' dir='ltr'><strong>n.</strong></span> <span class='ocrx_word' id='word_1_415' title='bbox 716 4378 735 4418; x_wconf 84' lang='lat'><strong>5.</strong></span> <span class='ocrx_word' id='word_1_416' title='bbox 1052 4374 1084 4424; x_wconf 74' lang='lat'><strong>20</strong></span> 
     </span>
    </p>
   </div>
   <div class='ocr_carea' id='block_1_7' title="bbox 0 0 1393 4830">
    <p class='ocr_par' dir='ltr' id='par_1_9' title="bbox 0 0 1393 4830">
     <span class='ocr_line' id='line_1_44' title="bbox 0 0 1393 4830; baseline 0 0"><span class='ocrx_word' id='word_1_417' title='bbox 0 0 1393 4830; x_wconf 95' lang='lat' dir='ltr'><strong> </strong></span> 
     </span>
    </p>
   </div>
  </div>
 </body>
</html>
