2768 4830
123 230 287 290 PIRabbow:
300 235 334 291 de
343 235 448 291 Donati
459 243 616 292 commento
627 238 657 292 in
665 237 827 293 Terentium
837 227 909 307 spec.
921 227 1149 293 obseruationum
1159 238 1180 295 1.
1202 224 1263 297 321

124 402 138 461 1
154 416 264 462 nornen
286 402 405 462 fabulae
424 403 548 464 Latinae
571 408 602 464 et
622 396 776 490 Graecae„¹
793 405 829 465 cf.
845 409 930 468 tract.
946 426 975 482 p.
993 408 1042 484 10,
1060 409 1077 464 2
1093 426 1158 483 sqq.
1179 407 1271 467 aeis:

209 485 240 545 II
255 489 376 563 species,
392 491 520 549 motoria
538 508 575 548 an
593 492 715 549 stataria
729 509 767 548 an
781 490 884 568 mixta,
900 490 936 548 of.
949 493 1035 550 tract.
1050 511 1077 567 p.
1093 494 1141 566 10,
1155 494 1173 551 5
1187 512 1262 568 sqq:

121 573 337 632 comoediarum
350 573 463 645 formae
476 579 547 634 sunt
561 579 618 634 tres
629 619 636 646 ,
646 577 789 648 palliatae
804 572 949 634 Graecum
964 575 1096 635 hautun
1109 577 1264 650 referentes

124 652 215 735 [quas
239 659 383 718 nonnulli·
401 660 588 718 tabernarios
611 657 745 742 uocant]‚
772 665 885 729 tooatoe
910 663 1003 720 iustu
1018 660 1146 732 sormam
1165 671 1264 736 perso·

121 758 232 802 norrun
246 743 378 803 lrabduuo
392 748 526 819 toparurn
540 745 748 813 desiderantes,
774 742 927 804 Atellanae
940 745 1053 804 solibus
1067 750 1092 805 et
1107 748 1176 806 iocis
1188 765 1263 807 eoru·

116 828 231 902 positae
256 846 330 901 quae
354 830 389 887 in
415 846 445 887 se
471 847 533 888 non
559 829 666 889 babent
684 831 744 888 uisi
763 834 937 889 adunatum
957 830 1115 905 elepantias
1137 850 1264 891 -oum

122 914 210 970 tract.
234 912 362 989 gemello
385 933 414 988 p.
431 916 458 987 7,
475 915 512 972 19
529 933 609 989 sqq.;
637 919 763 989 utroque
788 915 852 973 loco
876 911 1098 990 subsequuntur
1119 919 1263 991 quattuor

122 1002 221 1072 partes
243 997 427 1068 comoediae,
451 997 487 1056 de
507 997 629 1072 palliata
643 1003 758 1069 autem,
780 1003 897 1073 togata,
920 1000 1060 1057 Atellana
1075 1000 1133 1058 iam
1151 1001 1262 1060 dictum

122 1084 170 1139 est
191 1085 222 1140 et
241 1081 352 1140 dictum
375 1081 461 1141 aliter
481 1103 511 1158 p.
529 1084 556 1154 9,
573 1083 612 1141 25
629 1101 693 1159 sqq.
726 1101 796 1159 ergo
817 1083 956 1159 palliatae
972 1088 1090 1159 togatae
1106 1086 1264 1146 Atellanae

123 1185 153 1241 p.
165 1168 215 1238 10,
227 1169 320 1243 bsqq.
344 1167 531 1226 retractatori
548 1167 703 1246 debeatur,
719 1173 776 1228 ires
789 1168 902 1241 formae
914 1168 995 1226 fuere
1007 1171 1133 1228 motoria
1144 1172 1265 1230 stataria

124 1250 226 1326 mixta,
241 1270 295 1327 pro
312 1251 421 1327 quibus
437 1251 504 1310 illas
520 1252 703 1311 substituere
719 1252 849 1327 proclive
865 1260 936 1327 erat,
949 1254 990 1332 ef.
1007 1254 1099 1311 schol.
1116 1256 1146 1313 in
1158 1254 1264 1316 Horat.

124 1353 151 1392 a.
170 1354 200 1410 p.
218 1335 277 1395 288
299 1337 512 1396 comoediarum
529 1354 637 1411 periero
656 1343 726 1397 sunt
745 1355 811 1397 sea:
832 1340 957 1398 statario
971 1341 1101 1417 ‘motoria
1112 1345 1264 1413 praetecta

122 1420 297 1480 tabernaria
324 1425 421 1496 iopaio
441 1423 568 1496 palliata
653 1421 699 1480 ΙΙΙ
720 1423 862 1481 iudicium
884 1423 919 1479 de
941 1422 1042 1480 fabula
1063 1418 1197 1496 moraleg
1215 1445 1264 1484 ex-

123 1515 288 1580 cerpantur
303 1506 346 1581 (in
360 1506 485 1581 Andria)
499 1506 646 1582 exempla3
669 1509 699 1565 in
712 1507 889 1566 Phormione
903 1506 966 1565 laus
979 1510 1208 1581 temperamenti
1219 1529 1265 1570 co·

122 1588 195 1648 mici
264 1589 306 1647 IV
328 1595 427 1666 partes
439 1610 636 1666 personarum
702 1591 729 1647 V
748 1592 890 1667 prologus
906 1592 1034 1667 protasis
1050 1592 1171 1667 epitasis
1190 1598 1266 1654 cata·

122 1674 588 1752 strophacftraetp.10,8sqq.
634 1675 1264 1751 Vldidasealiea‚attractp.11,l-12,17

211 1757 270 1817 VH
284 1759 419 1818 diverbia
434 1765 465 1818 et
480 1762 602 1835 cantica,
619 1761 656 1820 ef.
672 1766 757 1820 tract.
774 1782 802 1837 p.
822 1762 871 1833 12,
891 1763 908 1819 7
927 1779 989 1838 sqq.
1058 1761 1131 1820 VIII
1146 1779 1263 1839 προτα·

119 1839 211 1905 τικὸν
240 1841 415 1918 nodcunov
501 1845 544 1904 IX
566 1846 649 1904 varia
735 1845 761 1903 X
783 1852 992 1922 argumentum
1079 1847 1122 1906 XI
1143 1853 1263 1908 actuum

118 1927 240 1988 divisio.

210 2012 321 2072 Tamen
338 2013 437 2090 aliqua
452 2014 482 2072 in
499 2015 625 2091 singulis
642 2015 800 2075 diversitas
815 2016 982 2074 intercedit.

212 2095 242 2176 l)
265 2097 341 2156 Vide
367 2101 457 2173 caput
482 2099 540 2157 VII
566 2101 595 2159 in
622 2094 779 2159 Andria:
810 2101 947 2182 diuerbiis
972 2107 1068 2161 autem
1093 2106 1119 2161 ct
1144 2105 1265 2164 contub

116 2183 213 2257 lepide
241 2185 376 2244 distincto
408 2188 463 2259 esi:
495 2186 525 2242 in
553 2184 713 2260 Hecyra:
743 2187 857 2245 cantica
887 2190 912 2244 et
937 2180 1067 2246 diverbia
1091 2204 1205 2248 summo
1232 2191 1268 2248 in

117 2267 178 2328 aar
197 2265 298 2339 sorore
318 2275 449 2343 suscepto
472 2274 555 2343 sunt;
578 2270 609 2327 in
630 2269 870 2328 PhormIone:
895 2275 1009 2344 totoque
1029 2273 1166 2332 diuerbiis
1187 2273 1263 2346 foec-

117 2352 242 2413 tissimia
263 2358 289 2413 et
306 2358 418 2429 pastum
435 2355 666 2414 desiderantibus
680 2356 825 2416 scenicum
839 2359 865 2414 et
879 2357 1061 2416 suavissimis
1074 2363 1182 2416 ornata
1196 2376 1265 2418 con·

115 2437 187 2498 dieis
199 2437 265 2509 fuit.

127 2560 135 2571 ·
208 2522 252 2580 Ea
263 2522 416 2598 simillima
428 2526 499 2582 sant
513 2525 592 2582 inter
604 2544 644 2597 se,
656 2524 854 2582 dissimillima
863 2525 908 2583 his
918 2544 992 2600 qaae
1004 2531 1035 2583 et
1043 2526 1074 2584 in
1086 2526 1265 2600 Adelphis

118 2611 155 2666 et
169 2606 202 2664 in
219 2607 396 2666 Eunucho
411 2608 588 2667 exhibentur
602 2609 681 2667 inter
696 2628 726 2667 se
742 2609 907 2667 simillima:

209 2692 240 2749 in
256 2691 417 2767 Adelphis:
438 2694 588 2753 modulata
608 2699 649 2753 est
668 2699 765 2754 autem
785 2694 863 2753 tibiis
881 2694 988 2754 deutris
1007 2696 1039 2755 id
1053 2700 1094 2755 est
1107 2695 1214 2771 Irpdiis
1228 2699 1263 2757 ob

119 2776 232 2836 seriam
254 2779 428 2852 pronitatem
455 2796 514 2851 qua
533 2778 594 2850 fere
613 2781 648 2838 in
667 2780 802 2839 omuibus
822 2781 972 2839 comoediis
990 2782 1085 2839 utitur
1104 2777 1152 2840 lu‘c
1167 2787 1262 2854 poeta,

118 2877 208 2934 saepe
222 2866 321 2921 tamen
334 2865 455 2922 mutatis
464 2880 520 2936 per
533 2881 650 2922 scenam
664 2866 758 2923 nodis
772 2869 899 2933 cantato,
916 2866 992 2937 quod
1006 2867 1152 2940 sipuidcot
1163 2869 1265 2926 titulus

119 2962 227 3006 suune
242 2947 351 3006 babens
364 2948 507 3007 subiectos
519 2951 653 3021 personis
667 2950 776 3008 litteras
790 2950 831 3008 M
844 2979 850 2992 ·
864 2949 918 3007 M·
932 2947 983 3019 0·‚
999 2951 1067 3008 item
1082 2950 1212 3011 dioubia
1226 2953 1264 3012 ab

119 3031 314 3091 histrionibus
339 3033 436 3092 erebro
459 3035 655 3106 pronuntiata
677 3039 761 3103 sunt,
788 3051 861 3106 quae
880 3035 1087 3108 siqnidcautur
1108 3035 1159 3093 D·
1176 3042 1202 3096 et
1224 3035 1262 3094 V·

118 3113 202 3192 (·D·
218 3118 249 3168 1·
271 3115 314 3176 U·
332 3117 373 3176 sie
386 3116 426 3192 A)
442 3118 544 3176 litteris
558 3119 717 3178 secuudum
728 3135 923 3191 personarum
938 3121 1061 3178 nomina
1074 3123 1263 3195 praescriptis

119 3200 158 3258 in
179 3217 210 3259 eo
230 3202 288 3260 ioco
303 3202 355 3261 ubi
368 3203 469 3275 incipit
484 3220 585 3276 scena;
608 3204 639 3261 in
654 3203 813 3261 Eunucho:
834 3204 963 3263 diverbia
977 3205 1070 3263 multa
1085 3206 1183 3265 crebro
1195 3224 1262 3281 pro·

121 3285 305 3346 nuntiaturi
319 3288 434 3346 cantica
447 3305 531 3360 saepe
545 3290 666 3347 mutatis
680 3289 773 3347 modis
787 3289 913 3348 cohibito
928 3294 1006 3348 suut.

210 3368 244 3428 In
261 3371 306 3428 his
321 3372 414 3446 igitur
430 3372 537 3430 mutati
552 3373 633 3430 modi
645 3373 808 3431 audiuntur
818 3374 869 3449 qai
882 3372 984 3430 inillis
996 3373 1106 3448 pariter
1118 3376 1261 3450 silentur3

121 3452 159 3511 de
182 3455 321 3514 diverbiis
342 3461 440 3513 autem
462 3457 530 3514 miri
553 3457 665 3532 aliquid
688 3461 842 3515 narratur:
865 3457 961 3516 crebro
985 3456 1035 3532 (ab
1056 3456 1261 3540 histrionibus)

112 3542 315 3614 prormntiato
335 3546 414 3599 sunt.
447 3558 521 3617 quae
545 3543 636 3599 verba
656 3542 693 3599 ad
714 3545 866 3600 revocatas
889 3563 905 3600 a
928 3545 1143 3615 spectatoribus
1162 3548 1261 3617 partes

118 3623 288 3682 fabularum
304 3626 443 3684 -cuius
466 3626 506 3682 rei
529 3626 663 3700 exempla
684 3627 852 3699 composuit
873 3627 1020 3701 Bergkius
1039 3627 1147 3687 Philol.
1163 3629 1261 3689 XXXI

117 3727 149 3784 p.
169 3708 230 3767 238
252 3710 354 3768 adab
378 3742 418 3752 -
441 3711 580 3785 quoniam
606 3712 775 3769 abstrusum
797 3717 842 3769 est
862 3712 988 3781 referre,
1016 3711 1055 3770 cf.
1080 3712 1262 3773 Ritschelius

116 3811 191 3868 opp.
206 3792 252 3851 III
273 3814 301 3869 p.
319 3796 357 3852 35
379 3793 445 3854 adn.
462 3797 516 3870 59,
542 3814 595 3853 nee
620 3797 716 3854 minus
738 3796 908 3854 abstrusum
930 3796 1149 3871 frequentatam
1172 3799 1261 3855 Adel·

119 3879 247 3953 phorum
276 3888 306 3937 et
326 3879 459 3938 Eunuchi
486 3882 631 3938 actionem
656 3900 692 3938 ex
719 3880 778 3938 illis
800 3881 904 3939 elicere
925 3882 1042 3956 qualem
1066 3882 1203 3939 similiter
1226 3883 1262 3940 de

122 3962 264 4021 bucolicis
280 3961 407 4040 Vergilii
424 3965 557 4024 Donatus
578 3967 641 4039 ipse
664 3969 805 4024 testatur:
829 3968 955 4025 bucolico
977 3983 1008 4025 eo
1027 3984 1159 4025 successu
1174 3967 1262 4027 edidit

119 4051 154 4107 ut
169 4049 202 4107 in
216 4065 304 4107 scena
319 4067 429 4123 quoque
440 4068 494 4123 per
505 4055 637 4110 cantores
648 4052 745 4110 crebro
751 4053 1020 4124 pronuntiarentur
1031 4047 1074 4129 (p.
1085 4052 1125 4108 60
1137 4051 1258 4110 Sueten.

120 4127 241 4214 norff.)
265 4152 356 4191 unum
377 4138 471 4192 restat
495 4140 527 4193 ut
548 4154 613 4193 cum
630 4135 793 4195 Ritsohelio
817 4141 983 4194 statuamus
1005 4135 1195 4194 scholiastam
1211 4155 1263 4195 vo·

120 4216 214 4276 luisse
230 4218 299 4276 hoa:
323 4218 434 4277 ‘fabula
450 4220 544 4277 multa
559 4220 649 4278 habet
664 4221 817 4278 diverbia?
849 4223 951 4296 itaque
967 4222 996 4277 in
1015 4220 1129 4278 Andria
1145 4220 1262 4296 Hecyra

121 4301 304 4363 Phormione
330 4303 467 4362 laudibus
495 4304 657 4363 efferuntur
679 4305 828 4378 diverbia,
845 4308 875 4364 in
899 4304 1043 4379 Adelphis
1065 4312 1096 4362 et
1117 4305 1262 4366 Eunucho

102 4426 109 4439 ·
172 4405 308 4448 tanrbacher
321 4406 354 4449 ihr
366 4408 433 4448 class.
448 4409 528 4459 philol.
544 4409 592 4450 1897
608 4409 702 4450 hitiu.
712 4411 732 4453 5.
1030 4405 1062 4455 21
