2768 4830
115 295 178 360 332
200 301 360 358 PRabbow:
374 300 409 359 de
416 301 520 357 Donati
533 305 690 368 commento
701 300 731 356 in
742 300 902 366 Terentium
915 318 988 372 spec.
997 300 1234 366 obseruationum
1245 303 1266 364 Ι,

115 469 238 542 maioris
264 470 342 539 ,vidit
368 474 399 529 et
418 469 548 545 Aurispa
570 469 795 540 describendum
818 470 945 544 curavit3
974 488 1032 546 quo
1055 469 1092 528 de
1113 469 1204 529 Valla
1225 471 1264 530 ad

114 554 255 614 Ioannem
271 554 444 614 Arretinum
466 555 584 614 scribit:
605 572 678 614 nam
697 555 744 622 hic
763 556 877 615 aminea
896 571 978 614 mena
997 555 1079 628 apud
1090 551 1263 623 ,Carnutum

113 640 185 699 addit
210 640 289 701 hana
307 644 453 700 auctorem
474 638 651 714 (Donatum)
672 640 723 700 sed
740 641 805 700 stne
824 640 910 699 tertia
930 639 1075 700 comoedia
1090 631 1263 699 ‘Enumera-

114 722 294 804 μωρουμένῳ
309 729 335 785 et
348 742 410 784 non
426 727 538 800 intepra
553 726 656 798 aninta
665 717 778 805 Ἡιιιρᾷ
791 726 914 798 itemque
928 741 994 784 cnm
1008 723 1118 797 deiecta
1132 725 1170 785 in
1180 731 1264 787 senta

115 827 190 884 qnae
203 810 310 869 dicitnr
324 807 473 887 Φορμίων,
489 809 527 868 cl.
543 828 618 868 mus.
635 809 706 869 Ital.
722 810 838 886 antiqu.
854 809 939 869 class.
955 807 1001 868 III
1017 827 1047 885 p.·
1061 809 1122 869 387
1141 812 1173 867 et
1187 809 1262 871 ibid.

116 912 183 969 epp.
202 893 228 950 V
250 901 280 952 et
300 893 352 952 VI.
390 894 630 970 antiquissimum
649 913 732 959 ‚vero
760 893 965 957 testimoninm
990 892 1105 955 ordinis
1130 891 1183 954 ΡΟ
1210 914 1263 970 per

31 1024 34 1033 .
117 979 198 1038 illam
219 980 421 1038 recensionem
444 978 623 1042 scholiorum
646 979 727 1038 ducti
743 978 842 1039 nescio
856 997 894 1038 an
909 977 1022 1045 arvite
1038 976 1173 1038 Terentii
1187 978 1261 1039 Am·

117 1062 257 1133 bresiana
281 1065 378 1140 promi
404 1063 509 1139 possit.
542 1069 740 1123 commentum
767 1063 1100 1147 Heautontimorumeni
1124 1063 1260 1126 interiit:

114 1148 263 1207 interiisse
278 1152 377 1207 autem
398 1147 499 1207 inille
515 1147 632 1208 demum
652 1148 824 1215 recensione
838 1147 1029 1214 statuendum
1045 1146 1174 1220 videtur,
1198 1149 1261 1209 sive

115 1233 341 1308 aoompilatcre
361 1233 427 1309 ipso
449 1233 591 1292 omissum
613 1236 658 1292 est
672 1230 741 1293 'sive
763 1236 833 1308 post
854 1232 939 1291 illum
958 1231 1077 1295 excidit.
1107 1250 1178 1291 nam
1193 1252 1260 1295 cnm

114 1317 173 1377 duo
190 1318 226 1375 ab
243 1317 295 1375 illo
308 1318 511 1377 commentarii
523 1318 644 1394 expilati
656 1318 725 1391 sint,
742 1318 810 1394 quis
821 1317 880 1378 sibi
892 1316 1073 1393 persuaserit
1085 1317 1118 1375 in
1130 1320 1261 1395 utroque

115 1403 229 1478 parlier
244 1402 575 1462 Heautontimorumeni
596 1402 707 1462 scholia
727 1402 810 1461 nulla
829 1402 921 1462 fuisse
942 1401 1118 1477 praesertim
1140 1403 1259 1463 varies

114 1487 206 1547 variis
228 1487 366 1562 deinceps
387 1487 602 1561 interpretibus
616 1490 775 1552 retractato
790 1490 820 1544 et
835 1485 945 1546 aucto?
968 1485 1132 1551 addocent
1148 1487 1258 1551 scholia

115 1570 253 1630 Bembini
274 1572 407 1632 extitisse
430 1571 545 1630 saeculo
562 1570 620 1631 VH
646 1572 692 1631 vel
706 1570 782 1630 VIII
803 1571 923 1631 doctum
943 1571 1030 1630 huius
1045 1569 1166 1630 fabulae
1182 1591 1258 1632 com,
1303 1630 1305 1645 ,

112 1657 303 1725 monterium.
334 1658 419 1732 atqui
440 1657 470 1716 in
492 1657 555 1716 vita
576 1656 772 1716 Ambrosiana
793 1674 904 1732 quaec
925 1655 1100 1715 commentis
1116 1655 1258 1724 Donateie

120 1741 259 1817 decerpta
274 1744 339 1801 tota
354 1746 399 1800 cst
415 1737 465 1819 (cl.
481 1740 661 1808 Ritschelius
676 1761 706 1816 p.
723 1739 923 1800 534-Suetcn.
939 1739 1025 1800 Reiff.
1040 1743 1072 1798 et
1087 1745 1158 1815 post
1173 1741 1258 1801 illum

119 1825 318 1885 Sabbadinius
334 1826 433 1885 studd.
450 1825 518 1885 Ital.
533 1824 564 1884 II
580 1844 610 1900 p.
627 1823 691 1902 26),
708 1825 825 1885 tabulae
841 1827 883 1884 ita
897 1828 1124 1892 enumerentur:
1141 1825 1260 1898 sabratae

115 1913 177 1971 eins
203 1916 302 1970 entant
326 1915 464 1984 cantuar
489 1927 524 1970 en
548 1911 716 1971 Menandro
742 1911 917 1986 translatae,
940 1907 1068 1970 Andria
1093 1909 1259 1972 Eunuchus

114 1995 260 2070 Adelphos
294 2001 319 2063 ct
347 1996 711 2067 Heautontimornoncnos;
745 1996 822 2055 dnae
850 2012 885 2055 ea
912 1992 1085 2068 Apollodoro
1116 1992 1258 2072 Carystio,

113 2081 232 2157 Hecyra
252 2080 440 2141 etPhorrnio.
461 2099 545 2156 ,quae
567 2084 599 2140 et
618 2083 685 2156 ipsa
706 2081 854 2139 eDonato
876 2080 971 2154 petita
992 2082 1063 2138 sunt
1078 2079 1109 2141 in
1124 2083 1258 2164 auctario

115 2165 194 2224 vitae
216 2164 415 2224 Suetonianae
438 2165 507 2224 haec
526 2168 664 2225 narrante
685 2161 728 2242 (p.
745 2165 785 2224 35
799 2160 913 2237 aerei:
936 2165 1012 2224 dnae
1031 2164 1069 2223 ab
1083 2162 1260 2238 Apollodoro

115 2251 276 2310 translatae
291 2267 349 2310 esse
364 2251 503 2311 alcanica
517 2253 630 2322 camno,
645 2250 785 2310 Phormio
800 2255 825 2310 at
840 2249 966 2325 Hecyra,
981 2252 1118 2322 anattaor
1132 2251 1261 2325 reliquae

114 2353 135 2395 a
155 2335 339 2406 Menandro,
371 2335 407 2397 of.
434 2354 508 2411 quae
535 2338 701 2411 sequuntur
726 2338 757 2393 et
783 2354 813 2409 p.
835 2335 921 2406 29,9
947 2353 1013 2392 eum
1041 2333 1258 2396 Ambrosiaais

115 2419 363 2479 Menandrearum
388 2420 483 2496 igitur
507 2421 628 2479 nomina
654 2423 807 2495 excerptor
831 2419 894 2495 ipse
919 2418 1041 2481 eddidit.
1082 2418 1161 2477 inter
1185 2438 1260 2496 qaas

116 2505 196 2581 quod
212 2505 366 2580 Adelphos
389 2506 575 2564 enumeravit
595 2508 663 2563 ente
679 2504 1040 2563 Heautontimorumencn
1060 2520 1093 2562 aa
1114 2522 1174 2562 uon
1190 2508 1261 2580 post

114 2590 197 2650 illam
225 2591 303 2649 sicut
323 2590 427 2648 debuit
445 2590 471 2655 ‚si
494 2590 603 2648 librum
624 2589 755 2647 Terentii
777 2589 973 2665 sequebatur,
1001 2587 1031 2646 id
1051 2587 1163 2647 videris
1184 2603 1260 2651 num

116 2693 185 2734 casu
202 2674 313 2734 factam
329 2675 376 2734 sit.
400 2675 490 2733 immo
505 2674 556 2750 qui
572 2693 607 2733 ex
619 2674 730 2732 Donati
746 2674 921 2732 commentis
936 2677 1017 2732 totus
1032 2671 1145 2748 pendet
1161 2677 1191 2733 et
1204 2674 1260 2740 hoa

116 2760 180 2835 ipso
203 2759 267 2819 loco
288 2758 341 2817 illa
363 2763 432 2817 ante
455 2759 554 2817 oeulos
573 2758 681 2826 ,hebuit
701 2757 911 2834 grammaticus
933 2757 1101 2816 fabularum
1120 2757 1259 2822 ordinem

116 2863 232 2921 quoque
258 2864 273 2903 e
300 2861 352 2903 suo
375 2844 509 2919 exemplo
530 2848 764 2906 commentorum
785 2843 906 2908 videtur
926 2841 1117 2916 repetivisse,
1141 2841 1175 2903 in
1199 2862 1259 2920 qua

117 2933 284 2988 commenta
312 2929 354 2987 sic
376 2947 407 2987 se
427 2929 629 3004 excipiebant:
650 2928 765 2989 Andria
786 2928 946 2989 Eunuchus
968 2925 1120 3002 Adelphos
1142 2926 1262 3005 Hecyra

117 3013 271 3086 Phormio,
299 3013 405 3072 deinde
430 3032 497 3073 cum
519 3013 763 3072 Menandrearum
790 3031 946 3071 numerum
971 3012 1090 3086 plenum
1112 3029 1173 3071 non
1195 3032 1261 3073 esse

116 3098 390 3169 animadvertisset,
413 3098 649 3173 superaddidisse
672 3103 807 3174 quartam
829 3116 904 3173 quae
920 3097 952 3155 in
967 3095 1140 3155 commentis
1156 3095 1260 3157 deerat

119 3183 486 3244 Heautontimorumenon.
508 3183 562 3242 hoc
574 3184 598 3242 si
610 3183 674 3241 iure
684 3184 878 3258 suspicamur,
887 3180 1167 3240 contraParisinum
1176 3183 1262 3242 7920

119 3269 205 3327 testis
221 3267 351 3327 saecli(
365 3286 425 3327 non
441 3269 589 3327 recentior
603 3271 665 3326 stet
681 3286 747 3326 cum
764 3267 885 3326 ceteris:
903 3285 990 3342 quem
1007 3265 1167 3324 terminum
1182 3268 1260 3327 anti,

117 3354 228 3430 quitati
244 3353 322 3411 vitae
338 3353 553 3412 Ambrosianus
568 3352 792 3412 adscribendum
809 3371 873 3411 esse
889 3350 1108 3410 demonstrabo.
1130 3349 1260 3411 eundem

119 3440 248 3514 denique
275 3437 410 3496 ordinem
437 3438 565 3497 frustula
591 3436 912 3498 Donatea.Vietoriani
939 3435 964 3493 D
992 3453 1067 3494 saec.
1088 3434 1115 3493 X
1140 3434 1189 3496 vel
1215 3435 1260 3500 IX

119 3528 278 3594 testantur,
295 3527 330 3582 ut
345 3525 429 3582 acute
445 3523 616 3582 observavit
633 3522 831 3580 Sabbadinius
847 3520 947 3582 studd.
963 3519 1030 3579 Ital.
1046 3517 1076 3577 II
1091 3539 1121 3594 p.
1135 3519 1191 3580 25:
1208 3521 1259 3580 sed

118 3608 220 3666 eadem
243 3608 268 3667 si
290 3608 349 3667 iam
371 3608 495 3667 extitere
511 3608 541 3666 in
558 3626 591 3665 eo
607 3607 685 3666 libro
701 3608 737 3665 de
752 3625 810 3683 quo
826 3605 1015 3665 Victorianus
1031 3604 1199 3680 descriptus
1215 3609 1262 3667 eet

116 3691 259 3768 —quod
293 3698 371 3751 certo
402 3693 563 3751 diiudicare
593 3710 706 3768 nequeo
735 3725 789 3762 -,
822 3692 948 3750 forsitan
980 3689 1144 3748 escendunt
1169 3709 1261 3767 supra

118 3781 246 3836 aetatem
267 3777 348 3836 illius
371 3777 589 3853 compilationis
609 3779 640 3836 in
663 3795 721 3852 qua
742 3777 793 3852 qui
814 3776 904 3835 fuerit
925 3775 997 3835 ordo
1018 3777 1256 3835 commentorum

117 3862 317 3937 explorandus
342 3867 402 3932 est,
430 3867 462 3920 ut
488 3881 546 3920 non
574 3863 604 3920 in
632 3862 698 3937 illa,
725 3862 775 3920 sed
801 3866 871 3920 ante
896 3861 980 3943 illam
1003 3860 1054 3939 qui
1078 3859 1170 3925 luerit
1189 3860 1261 3926 inde

116 3949 278 4007 evincatur.
984 3966 985 3971 ’
1038 3988 1040 3993 -
1255 4002 1261 4011 ,

202 4032 353 4092 Donatum
369 4034 468 4089 autem
485 4032 582 4090 virum
599 4031 795 4090 clarissimum
811 4029 908 4089 valere
924 4031 1013 4100 iussi,
1029 4048 1066 4088 ne
1081 4031 1177 4093 totam
1193 4048 1259 4089 rem

120 4118 197 4177 male
213 4117 430 4177 conturbarem.
459 4117 598 4174 videntur
613 4116 690 4175 enim
708 4116 840 4175 homines
856 4115 934 4175 docti
948 4146 986 4157 —
1001 4114 1167 4173 Teuberum
1182 4113 1261 4190 dico,

119 4201 425 4272 Scheidementelium‚
437 4200 661 4273 Sabbadinium,
673 4201 802 4259 Leonem
812 4219 899 4276 quem
910 4200 1030 4259 honoris
1042 4217 1128 4258 causa
1136 4199 1261 4259 nominc

117 4287 213 4347 virum
235 4287 410 4345 acerrimum
426 4305 518 4344 -eo
541 4304 677 4360 peccasse
698 4281 777 4360 quad
795 4286 903 4344 Donati
925 4295 988 4343 esse
1011 4301 1161 4357 sumpsere
1183 4302 1261 4359 quae

119 4371 229 4430 Donati
252 4391 315 4430 esse
339 4372 569 4431 demonstranda
591 4374 685 4429 erant.
717 4371 794 4428 unde
815 4370 940 4445 proiecti
960 4386 994 4429 eo
1011 4375 1213 4443 pervenerunt
1228 4375 1263 4451 ut
