2768 4830
190 298 254 365 330
276 303 438 363 Pssabbow:
452 303 486 360 de
495 303 596 360 Ueneti
609 309 766 360 commento
778 302 977 360 inTerentium
988 320 1061 375 spec.
1070 304 1304 362 observationum
1314 304 1339 364 1.

192 474 297 534 chum
309 505 342 516 -
355 472 470 532 Andria
483 475 585 533 autem
601 472 704 548 utique
718 473 814 548 prima
829 474 894 530 erat
903 503 937 514 -
947 489 1042 532 novus
1055 471 1130 532 ¹ordo
1144 492 1162 531 a
1174 471 1339 533 scholiasta

192 560 326 630 ducatur,
348 557 457 618 deinde
479 557 557 616 idem
573 557 690 616 desinat
704 557 747 615 ita
762 559 797 616 ut
812 556 986 615 Phormio
1002 561 1031 616 et
1046 556 1193 635 Hecyra
1206 556 1339 638 traditos

191 643 347 703 obtineant
380 643 473 717 locon
510 642 673 717 repetimus
710 641 911 718 quaestionem
945 641 1070 701 alteram
1099 660 1192 718 quare
1219 642 1340 702 Adel·

191 729 345 806 phorum
368 731 398 786 et
419 726 590 786 Eunuchi
615 726 812 802 praefationes
838 725 957 802 proprio
982 727 1069 785 modo
1094 729 1240 787 tractatae
1264 728 1339 800 sint,

191 813 312 891 proprio
328 811 498 871 Andriae
518 811 682 887 Hecyrae
697 809 936 870 Phormionis
952 811 995 870 ita
1010 814 1045 869 ut
1057 811 1183 872 eandem
1198 812 1338 891 omnium

192 898 354 973 imaginem
380 896 493 971 duplici
518 897 635 955 ratione
661 895 808 970 depictam
834 895 935 955 ridere
957 895 1125 954 videamur:
1152 896 1184 954 in
1204 898 1340 974 utraque

192 982 367 1058 quaestione
387 1000 423 1041 ex
444 980 537 1039 altera
558 985 643 1056 parte
664 982 736 1039 sunt
750 979 954 1056 Adelphorum
970 984 1000 1038 et
1015 980 1165 1048 Eunuchi,
1188 981 1340 1041 exaltare

194 1063 354 1143 (Andriae)
374 1065 510 1142 Hecyrae
531 1065 717 1124 Phormionis
739 1064 948 1139 praefationes.
986 1082 1073 1124 omne
1093 1065 1170 1125 feret
1190 1070 1340 1142 punctum

195 1170 229 1209 ee
245 1151 354 1211 solutio
370 1169 428 1227 qne
442 1154 599 1227 utramque
613 1150 764 1210 solvemus
779 1167 847 1208 una.
878 1148 1038 1208 anillam.

278 1233 530 1295 Commentariun
540 1233 674 1294 Terentii
690 1252 781 1293 uuum
797 1253 814 1292 a
829 1233 944 1293 duobus
960 1234 1069 1294 scimus
1084 1233 1155 1294 olim
1167 1235 1338 1310 expilaturn

191 1338 256 1379 esse
285 1320 514 1395 interpretibus,
547 1320 618 1378 haec
643 1321 742 1378 antem
768 1318 959 1378 duumvirum
983 1321 1123 1394 excerpta
1146 1319 1278 1397 gemella
1305 1321 1338 1381 in

194 1404 317 1465 scholiis
330 1404 474 1465 Doneteis
490 1408 670 1480 congregata
683 1404 795 1463 haberi.
818 1403 862 1462 ita
877 1402 986 1479 duplici
1002 1403 1172 1484 recensione
1186 1404 1241 1464 ille
1256 1421 1336 1465 oom-

189 1489 352 1549 mentarius
380 1489 418 1548 sd
439 1507 494 1549 nos
514 1489 661 1564 pervenit.
696 1488 779 1548 onius
800 1488 1011 1563 duplicationis
1030 1488 1215 1564 exemplain
1237 1489 1337 1566 oapl

191 1574 354 1650 compluria
374 1571 436 1632 iam
453 1574 663 1650 proposuimus
679 1574 832 1632 occasione
847 1573 929 1631 data:
952 1572 1130 1646 adponimus
1144 1590 1225 1635 nunc
1241 1592 1335 1634 unum

190 1659 282 1718 schol.
304 1658 398 1718 Andr.
409 1659 445 1716 'II
460 1661 489 1734 6,
506 1659 545 1717 26
568 1659 709 1732 quidnam
729 1659 789 1718 doe
801 1662 842 1718 est
862 1659 922 1718 ret:
945 1658 1035 1717 ouda
1053 1663 1124 1718 euut
1141 1674 1239 1718 mcum
1260 1661 1335 1736 copt-
1364 1728 1367 1736 ,

186 1747 280 1804 tantis
297 1745 378 1804 senis
397 1749 450 1804 aut
471 1744 505 1804 de
525 1743 572 1803 tris
591 1760 665 1817 quae
686 1760 767 1806 auree
785 1743 898 1803 locutae
918 1747 958 1802 eet
971 1742 1077 1802 Dacus
1091 1747 1144 1802 aut
1156 1744 1193 1803 de
1204 1743 1336 1804 udaeam

192 1830 347 1889 mutinum
362 1845 436 1902 quae
449 1830 484 1888 tu
496 1845 614 1888 saeuam
628 1830 757 1888 reuirat.
844 1829 986 1901 quidnam
1001 1828 1054 1887 hoc
1065 1832 1107 1888 eat
1120 1829 1179 1887 rei:
1196 1829 1335 1902 pulsatae

190 1919 231 1973 est
248 1931 334 1973 scaea
349 1917 520 1989 arpumeuto
530 1913 676 1985 fohorum
686 1913 860 1986 nuptiarum
871 1911 1035 1986 ‘pascheium
1047 1912 1159 1972 obsout’
1169 1905 1216 1992 (lI
1227 1913 1257 1985 2,
1266 1911 1334 1992 23),

188 2003 339 2072 tamquam
357 2015 388 2057 ee
408 1998 550 2058 inluderet
565 1997 680 2057 Damae.
697 1993 708 2076 ΙΙ
725 1998 796 2072 quid
809 1998 856 2057 tie
869 1998 930 2057 cult
944 2001 1084 2058 eductor
1097 1997 1171 2058 sthi:
1191 2001 1336 2060 veterator

187 2087 229 2144 est
248 2079 333 2142 aetus
347 2085 381 2143 ta
401 2084 513 2142 astutia
532 2087 558 2142 et
578 2085 629 2156 qui
648 2084 681 2142 ta
701 2100 765 2142 uua
783 2099 815 2141 re
834 2083 956 2142 callidus
973 2099 1027 2142 ese.
1056 2087 1083 2142 et
1102 2082 1133 2141 dt
1152 2083 1211 2142 duo
1231 2099 1335 2146 veresas

187 2168 342 2228 ostendunt
364 2168 517 2242 pulsatum
539 2184 599 2228 esce
616 2185 713 2228 semem
734 2184 768 2226 ea
788 2172 966 2242 arqumeato‘
979 2167 1127 2239 falsarum
1146 2169 1333 2242 eruptionem,
1356 2160 1360 2171 '

186 2254 235 2313 dle
256 2257 427 2329 arqumeuto
447 2253 525 2326 qued
544 2255 603 2313 ad:
626 2252 791 2326 ‘paulutum
811 2253 945 2323 obsonit',
966 2256 1118 2326 tamquam
1136 2269 1166 2312 ee
1188 2253 1336 2315 inluderet

186 2337 302 2397 Dacus.
329 2342 401 2397 suut
421 2355 486 2413 erqo
506 2338 608 2408 cerda,
628 2343 660 2397 ut
681 2338 824 2409 dicimus,
845 2353 942 2397 secum
959 2338 1114 2412 'copitaatde
1133 2338 1212 2397 mute
1229 2342 1285 2398 aut
1299 2338 1335 2398 de

186 2422 233 2482 dte
253 2439 327 2496 quae
343 2439 425 2482 uuae
444 2424 556 2483 loeutus
576 2427 616 2482 eet
630 2423 736 2482 Dama
755 2426 807 2481 aut
827 2422 863 2496 de
882 2422 1009 2482 aduentu
1029 2423 1184 2482 mutinum
1199 2439 1282 2496 quae
1302 2424 1336 2483 ta

186 2524 304 2567 scemam
328 2509 450 2567 ueniunt
475 2509 568 2567 modo.
604 2506 650 2566 hie
675 2507 769 2583 igitur
787 2511 822 2564 ut
841 2507 880 2565 ad
901 2506 1026 2566 verbum
1048 2506 1197 2582 descripta
1217 2506 1265 2566 bia
1288 2513 1336 2568 est

188 2592 342 2650 adnotatio
363 2593 480 2668 eedem,
510 2593 552 2651 ite
573 2591 660 2650 elias:
689 2610 777 2666 saepe
799 2596 899 2650 tamen
918 2590 1042 2650 liberius
1062 2593 1223 2650 retractata
1244 2594 1277 2651 et
1295 2592 1334 2652 ab

187 2678 315 2752 utroque
341 2683 510 2752 excerptore
537 2677 659 2753 proprio
683 2679 789 2735 ornatu
815 2675 918 2735 relicta
941 2681 994 2735 est.
1032 2693 1084 2751 per
1109 2678 1207 2734 totum
1229 2680 1332 2736 autern

185 2761 370 2821 ¹scholiorum
386 2778 494 2835 eorpus
509 2762 684 2820 observatur
699 2760 751 2819 illa
766 2761 933 2837 duplicitas.
955 2778 1054 2836 nequo
1065 2762 1210 2820 tractatus
1222 2759 1334 2838 duplex

189 2846 242 2921 qui
257 2846 460 2921 praemIttitur
475 2847 511 2904 de
528 2845 628 2905 tabula
641 2847 776 2906 diversus
791 2848 855 2921 est,
878 2845 930 2904 sed
945 2845 971 2904 ia
986 2863 1103 2920 quoque
1118 2844 1226 2921 duplex
1241 2846 1335 2907 unius

188 2930 446 2989 commentationis
462 2931 597 2991 habenda
612 2932 755 2990 recensio.
778 2933 856 3007 quod
873 2948 932 2990 non
947 2935 993 2989 eat
1007 2946 1060 2990 cur
1075 2929 1333 2992 demonstremus:

189 3032 280 3074 unum
308 3015 362 3074 hoo
385 3033 541 3076 monemus
566 3033 627 3074 non
654 3016 749 3075 solum
772 3016 890 3075 Horatii
910 3034 938 3073 a.
960 3035 989 3091 p.
1011 3034 1059 3075 vv.
1076 3016 1134 3074 281
1152 3033 1217 3091 sqq.
1245 3018 1279 3075 et
1302 3017 1340 3089 in,

185 3099 289 3174 *priore
304 3099 348 3175 (p.
366 3101 394 3170 5,
407 3095 441 3180 6)
457 3104 488 3160 et
502 3101 534 3159 in
549 3100 642 3159 altero
657 3103 785 3159 tractatu
800 3101 832 3158 in
847 3119 933 3160 usum
948 3104 1069 3159 vocatos
1085 3117 1157 3178 esse,
1174 3098 1333 3160 sedetiam

189 3182 316 3260 Vergilii
341 3202 445 3260 georg.
466 3183 496 3243 II
517 3204 566 3245 vv.
584 3187 646 3245 380
661 3204 726 3261 sqq.
754 3186 786 3243 in
812 3185 910 3260 priore
931 3181 975 3260 (p.
993 3186 1022 3260 3,
1038 3179 1074 3264 5)
1093 3184 1243 3244 adhibitos
1264 3203 1333 3262 per·

188 3269 287 3327 lucere
301 3269 332 3327 in
348 3269 446 3328 verbis
462 3270 582 3329 alterius
600 3268 641 3345 (p.
655 3272 684 3341 8,
698 3267 852 3347 ‘20-23):
868 3271 901 3328 tu
915 3271 992 3329 eicos
1006 3274 1031 3328 et
1045 3271 1170 3343 compita
1184 3301 1222 3311 -—
1239 3270 1334 3332 laeti

188 3355 402 3427 alacresque
418 3387 456 3397 -
472 3357 506 3415 tu
525 3358 620 3429 pratis
637 3354 811 3414 mollibus
829 3385 862 3397 -
881 3371 934 3414 uec
948 3355 1212 3428 deerautpraemta
1228 3384 1271 3396 -—
1286 3357 1334 3415 tu·

186 3440 281 3515 qanta,
298 3439 416 3515 nequis
433 3439 508 3499 sorte
524 3444 592 3515 post
603 3439 769 3499 Teuherum
786 3432 838 3518 (de
853 3439 989 3501 auctorit.
1006 3442 1163 3498 comment.
1176 3438 1208 3498 iu
1218 3437 1331 3500 'Ieron-
1372 3436 1374 3441 ’

185 3524 260 3582 tium
283 3544 311 3602 p.
329 3517 362 3604 6)
384 3527 414 3583 et
428 3523 559 3583 Leonem
580 3522 669 3600 (mus.
685 3523 779 3583 Rhea.
795 3522 952 3582 XXXVIII
973 3543 1002 3598 p.
1019 3518 1095 3602 328)
1116 3541 1218 3583 rursus
1236 3523 1269 3582 in
1285 3525 1332 3585 his

187 3608 325 3667 offendat.
356 3611 473 3668 restent
487 3609 685 3685 praelationes
700 3608 935 3680 comoediarum,
954 3609 1049 3667 forma
1065 3626 1166 3666 omnes
1181 3614 1213 3666 et
1228 3607 1331 3669 indole

187 3691 304 3764 eadem,
329 3692 380 3751 sed
400 3694 550 3754 utendam
567 3695 609 3753 ita
625 3693 735 3769 duplici
750 3693 838 3753 modo
854 3695 995 3768 tractate,
1018 3692 1075 3751 alio
1091 3693 1122 3751 in
1138 3692 1252 3752 duabus
1268 3694 1331 3755 alio

186 3777 217 3835 in
232 3776 339 3839 tribus.

272 3860 352 3933 Quae
373 3881 439 3921 oum
460 3863 504 3921 ita
525 3864 602 3941 sint,
625 3863 813 3938 quaestiones
835 3881 909 3938 quas
929 3862 1136 3938 proposuimus
1155 3862 1264 3922 casita
1280 3881 1330 3923 ex·

185 3947 337 4023 pedimus,
359 3951 394 4006 ut
408 3948 499 4006 etiem
517 3943 713 4023 praelationes
729 3966 803 4022 quee
825 3947 894 4005 olim
912 3947 993 4005 luere
1009 3946 1046 4005 ab
1062 3965 1121 4024 uno
1135 3964 1195 4005 uua
1209 3947 1330 4010 ratione

184 4031 350 4107 confectae,
373 4051 391 4090 e
413 4033 577 4091 duumviris
598 4033 762 4108 descriptas
786 4050 888 4090 omnes
907 4037 938 4091 ot
952 4031 1067 4091 diverse
1084 4031 1247 4091 vindicatas
1263 4050 1330 4094 esse

187 4120 369 4176 statuamus:
396 4116 507 4174 deinde
528 4117 704 4193 compilator
730 4116 778 4176 cui
803 4117 993 4176 duumvirum
1015 4119 1183 4176 commenta
1202 4133 1328 4195 congre·

184 4201 283 4276 gande
298 4204 392 4270 erant,
408 4219 531 4260 munere
547 4202 599 4261 illo
615 4203 658 4260 ite
672 4202 864 4279 functus-est,
881 4206 986 4261 utnon
997 4201 1231 4278 uniuscuiusque
1242 4218 1329 4277 prae·

185 4286 306 4346 lationis
322 4285 467 4362 duplicem
484 4305 500 4344 e
516 4287 631 4346 duobus
646 4287 819 4346 commentis
835 4286 978 4346 conflaret
993 4286 1204 4357 recensionem,
1221 4285 1274 4345 sed
1290 4306 1329 4348 ex

183 4371 277 4430 altero
292 4371 490 4446 praelationes
506 4372 653 4432 delibaret
667 4372 800 4432 Andriae
815 4370 948 4448 Hecyrae
963 4363 1163 4444 Phormionis,
1179 4388 1215 4429 ex
1231 4370 1330 4434 altero
