2768 4830
195 263 259 328 316
283 268 1346 340 ΡΒιιδδοντιάοΒοιιαδίοοιτιιαοιιίοίιιΤοτοαίιάωεροο.οδεοινιιδίοαιιιιιῐ.
1380 248 1382 287 ²

195 434 304 509 πεζόν,
318 433 623 514 άςάφειακοινότης,
640 432 753 510 ὄγκος
779 433 909 509 Afranio
934 441 961 496 ei
980 415 1093 513 Appio's
1114 442 1140 497 ei
1159 439 1261 498 multis
1281 438 1344 511 fere

192 521 254 584 καὶ
275 518 420 597 δίαρμα
778 523 1020 598 ααρκίοαοωίοὶο
1031 523 1207 583 invenimus.
1221 560 1260 570 —
1279 526 1344 585 σίας

236 608 322 667 τάλαι
338 608 499 667 Menander
514 607 556 666 ef,
568 625 633 682 cap.
649 606 679 665 II
777 606 898 678 fabulae
917 624 949 666 eo
962 612 1033 667 eumd
1047 612 1285 682 temperamenta,
1309 614 1343 669 ui

778 709 871 765 neque
904 697 1100 753 eoeiumeeeaai
1129 693 1168 752 ad
1196 695 1343 770 trayieam

780 777 977 837 celsitudinem

238 856 452 936 ςπερμολογία
463 857 514 921 καί
526 856 667 936 φλυαρία
677 877 752 923 ναυ·
822 879 914 935 aeque
938 863 1108 922 abiciantur
1133 862 1173 922 ad
1191 864 1344 924 mimicam

191 943 324 1024 τιώδης,
347 947 383 1005 ei.
400 964 532 1022 sympoa.
548 947 569 1004 l.
585 964 610 1004 e.
627 940 753 1025 (veteris
778 947 927 1006 vilitatem.

193 1029 375 1107 comoediae)
396 1026 415 1104 ἥ
437 1045 470 1090 τε
493 1026 575 1105 πρὸς
595 1027 635 1091 τὰ
652 1028 749 1104 ςκάιμ-

193 1131 276 1190 ματα
301 1113 353 1176 καὶ
380 1111 582 1193 βωμολοχίας
607 1111 753 1191 εὐχέρεια

193 1202 309 1263 δεινῶς
320 1196 497 1275 κατάκορος
509 1197 559 1260 καὶ
572 1195 753 1261 ἀναπεπτα-

193 1282 272 1361 μένη
287 1282 340 1345 καὶ
353 1282 493 1358 γέμοντα
510 1279 660 1359 ῥημάτων
675 1281 750 1345 ἀκό·
856 1325 858 1330 ·

194 1386 280 1445 ςμων
299 1366 350 1430 καί
365 1365 552 1430 ἀκολάςτων
569 1364 751 1442 ὀνομάτων.

194 1456 282 1515 eliber
298 1454 462 1514 Menander
477 1455 514 1513 ef.
530 1472 593 1528 οαρ.
610 1454 651 1513 ΙΙ.

233 1536 284 1600 καί
292 1536 448 1600 τοςαάταε
460 1537 619 1614 διαφορὰς
632 1534 751 1614 ἔχουςα

191 1621 241 1686 καὶ
257 1618 491 1700 ἀνομοιότητας
505 1619 524 1697 ἡ
541 1620 622 1686 λέξις
781 1628 783 1632 ’

234 1705 314 1770 οὐδὲ
343 1706 382 1769 τὸ
408 1705 535 1783 πρέπον
562 1705 674 1789 ἑκάςτῃ
701 1705 752 1768 καὶ

191 1789 311 1854 οἰκεῖον
333 1790 544 1863 άποδίδωςιν,
568 1787 641 1854 οἷον
665 1791 751 1865 λέγω

192 1877 310 1956 βαςιλεῑ
324 1875 383 1939 τὸν
398 1872 499 1951 ὄγκον
514 1897 576 1954 eqs.

234 1982 297 2038 cap.
310 1962 342 2022 H
356 1959 375 2036 ἡ
391 1960 427 2024 δὲ
441 1959 634 2039 Μενάνδρου
650 1959 750 2039 φρά-
820 1981 849 2036 ρ.
864 1963 893 2035 6,
910 1963 949 2021 23
966 1961 1052 2021 Reiff.
1069 1963 1144 2024 adde
1158 1965 1236 2037 ραοά
1252 1983 1341 2042 areu·

190 2066 246 2110 εις
263 2043 349 2108 οὕτω
365 2043 582 2110 ςυνέξεςται
597 2045 649 2108 καὶ
664 2064 750 2122 ςυμ·
776 2049 868 2106 menti
888 2065 923 2107 ae
942 2049 1026 2107 eiiii
1046 2049 1088 2108 iia
1108 2052 1215 2109 attende
1229 2067 1342 2111 nemer

190 2131 391 2194 πέπνευκε
412 2131 631 2208 κεκραμένη
650 2130 751 2208 πρὸς
776 2136 1341 2206 τεηαιαωρααωαοαααιοαοαίιααι

190 2215 336 2293 ἑαυτὴν
360 2213 440 2278 ιίιςτε
468 2250 508 2260 -
533 2214 597 2292 μία
616 2234 654 2279 τε
676 2213 749 2293 φαί-
776 2217 1339 2292 οανααοκίιραωοδωεοροέαοκαηι,-

189 2303 297 2364 νεςθαι
316 2299 368 2363 καλ
381 2301 439 2378 τὴν
455 2298 627 2378 ὁμοιότητα
642 2301 749 2377 τηρεῖν
775 2306 814 2361 ai
839 2303 938 2362 aiiii
957 2303 1122 2363 additam
1143 2304 1258 2363 alieri
1277 2307 1344 2366 sed*

191 2384 226 2450 ἐν
247 2387 314 2449 τοίς
337 2386 457 2449 κοινοῖς
474 2385 526 2447 καὶ
540 2384 683 2462 ςυνήθεςι
699 2384 750 2447 καὶ
775 2391 900 2460 aptam
920 2392 952 2447 ei
973 2405 1013 2447 ex
1032 2405 1068 2447 se
1087 2392 1200 2448 totum
1219 2394 1339 2450 etune

191 2468 256 2534 ὑπὸ
272 2471 330 2547 τὴν
347 2469 455 2548 χρείαν
472 2467 634 2547 άνόμαςιν.
775 2489 920 2545 corpore
931 2473 1065 2532 videatur
1073 2477 1338 2547 essecomposieam.

233 2554 318 2619 ἀλλά
331 2555 522 2632 Μένανδρος
535 2551 638 2617 οὕτως
650 2553 749 2618 ἔδειξε
817 2576 846 2631 p.
865 2557 949 2629 6,12
971 2557 1034 2616 iam
1050 2574 1249 2631 personarum
1263 2561 1339 2636 ieqee

189 2639 249 2717 τὴν
270 2639 369 2715 λέξιν,
395 2637 475 2703 ὥετε
490 2637 574 2722 πάςη
589 2638 640 2701 καί
655 2639 748 2715 φύςει
775 2642 853 2700 eirea
886 2642 1019 2700 habitum
1054 2647 1176 2702 aetatem
1205 2642 1339 2717 officium

190 2722 748 2807 καὶδιαθέςεικαὶὴλικίᾳςύμμετρον
770 2730 872 2800 penes
906 2727 1013 2802 αρεαάι·
1047 2744 1131 2786 nemo
1167 2728 1338 2804 diiiqeniiue

190 2805 284 2872 εἶναι.
777 2810 910 2871 Tereeiio
927 2812 1088 2871 custodivit.

234 2915 366 2973 sympoa
388 2895 407 2955 l.
425 2915 449 2955 ο.
472 2896 508 2953 de
529 2894 682 2954 veteribus
703 2891 750 2956 ἔτι
818 2916 846 2971 μ.
861 2898 890 2969 6,
905 2899 942 2954 21
960 2897 1035 2957 adde
1049 2897 1126 2969 quod
1136 2897 1339 2958 nihiiabeiru·

186 2977 218 3041 ,δ’
249 2977 356 3057 ὥςπερ
387 2977 421 3040 ἐν
450 2979 520 3041 τοῖς
545 2977 749 3057 ἡγεμονικοῖς
775 2998 843 3040 sian
866 2982 904 3040 ab
930 2998 961 3040 eo
983 2983 1107 3055 poa-iter
1128 2986 1181 3041 eet
1200 2984 1278 3056 qaod
1300 2984 1338 3044 αδ

190 3062 332 3126 δείπνοις
354 3061 473 3143 ἑκάςτιμ
493 3062 666 3141 παρέςτηκε
682 3068 750 3126 τῶν
775 3067 919 3126 historicis
943 3068 1150 3141 requirendam
1175 3069 1228 3143 sii,
1260 3069 1339 3142 qaod

146 3192 149 3199 -
190 3148 426 3223 κατακειμένων
459 3145 626 3225 οἰνοχόος,
664 3146 749 3212 οὕτω
776 3153 893 3224 saepias
921 3150 1050 3212 Plautus
1067 3149 1069 3153 ’
1077 3152 1151 3224 feeit
1179 3156 1205 3211 ei
1234 3169 1267 3212 eo
1297 3158 1339 3214 esi

191 3232 294 3308 δεήςει
322 3230 537 3311 γραμματικὸν
566 3231 686 3316 ἑκάςτῳ
712 3232 749 3295 τὸ
776 3236 925 3297 obscurior
939 3237 1038 3297 maliis
1052 3238 1129 3297 loeis.

90 3358 91 3364 κ
190 3316 260 3380 καθ’
287 3315 419 3381 ἕκαςτον
446 3317 636 3394 ἐξηγεῑςθαι,
662 3317 707 3381 τίς
731 3315 749 3380 ὁ

189 3400 381 3466 Λαιςποδίας
402 3403 477 3480 παρ’
492 3401 644 3466 Εὐπόλιδι
664 3400 748 3465 καὶὸ

192 3487 335 3567 Κινηςίας
364 3487 452 3565 παρὰ
479 3486 630 3551 Πλάτωνι
654 3485 749 3550 καὶὸ

190 3569 334 3647 Λάμπων
355 3572 443 3650 παρὰ
460 3571 603 3653 Κρατίνῳ
619 3572 749 3635 καὶτῶν

191 3657 460 3737 κωμῳδουμένων
491 3656 636 3722 έκαςτος·
671 3658 749 3721 ὥςτε

189 3745 578 3819 γραμματοδιδαςκαλεῖον
602 3742 676 3820 ἡμῖν
703 3740 750 3816 γί-

190 3830 299 3890 νεςθαι
312 3827 349 3889 τὸ
366 3826 539 3904 ειιμπόςιον
554 3828 574 3904 ἢ
589 3827 684 3906 κωφὰ
700 3827 750 3889 καὶ

190 3910 749 3992 άςηματὰςκιίιμματαδιαφὲρεςθαι.

189 3999 277 4058 aliter
293 4000 465 4058 Menander.

234 4085 269 4142 de
281 4084 444 4144 Menandro
456 4085 544 4144 ibid:
562 4081 601 4144 τὰ
616 4082 652 4145 δὲ
667 4079 751 4157 πρὸς
820 4103 850 4158 p.
864 4084 892 4154 6,
909 4082 946 4140 13
963 4083 1036 4155 qaia
1051 4082 1139 4143 eiiam
1154 4084 1233 4144 seius
1245 4104 1341 4150 ααοαο

191 4163 315 4242 ἑταίρας
357 4165 400 4229 ἂν
438 4167 497 4243 μὲν
535 4164 611 4230 ῶτιν
648 4163 752 4243 ἰταμαὶ
777 4173 818 4228 est
838 4185 903 4227 eum
918 4170 952 4227 ia
964 4169 1040 4240 fietis
1054 4171 1235 4245 ονρωκαιίίο
1246 4172 1338 4243 fidem

104 4310 106 4313 ,
189 4250 240 4313 καὶ
254 4254 394 4327 θραςεῑαι
411 4271 468 4298 -·
489 4253 574 4314 ταῖς
596 4252 637 4314 δέ
657 4270 749 4328 χρη·
777 4255 907 4312 eeriieiie
922 4259 1120 4325 assequeretur
1134 4257 1221 4313 etiam
1234 4263 1339 4319 centra

189 4337 295 4398 ςταῑς
340 4336 402 4399 καὶ
444 4335 689 4413 ἀντερώςαις
731 4336 751 4414 ἢ
772 4340 1338 4413 praescriptacomicamereerieesiater·
