2768 4830
61 272 227 328 Pltabhow:
241 273 276 328 de
284 272 389 328 Donati
399 281 559 329 commento
570 275 599 329 in
610 273 772 330 Terentium
784 291 858 345 spec.
866 273 1094 330 observationum
1101 272 1123 330 1.
1145 268 1207 332 317

61 437 166 516 πατήρ
190 456 237 502 nc
259 435 474 516 dveupicaerus
494 439 624 518 γνήτιοτ
649 443 721 502 dam
740 459 802 502 aaa
816 441 912 501 mata
926 442 1124 501 introducere:
1145 444 1208 516 qai·
1256 499 1261 509 ,

60 523 158 602 16666.
650 528 704 587 baa
728 532 826 587 tamea
850 544 903 587 aar
924 527 1016 587 boaae
1035 528 1096 586 siat
1116 531 1142 586 et
1162 545 1210 586 ao·

648 613 745 685 laptaa
749 629 804 686 per
813 613 1049 685 ipsameteaasa
1056 629 1117 671 aaa
1126 612 1208 672 desit.

130 732 221 769 noran
247 716 282 768 ad
304 717 488 769 Euanthium:
511 736 538 784 p.
554 721 579 780 6,
601 720 632 768 17
651 733 710 785 666.
731 720 766 769 61.
786 718 876 769 Varro
896 717 1076 784 6666111661
1092 718 1146 769 V11
1166 721 1207 772 14.

62 784 144 836 aliter
162 785 249 836 schol.
268 786 350 836 Andr.
369 785 408 836 lv
425 789 451 849 b,
472 789 503 838 13
514 786 566 836 4Κ1.
583 789 631 837 666
647 789 732 837 critici
746 788 872 837 adnotant
889 789 966 837 altius
984 801 1039 836 ease
1057 787 1208 836 charactere

60 857 157 905 comico
176 855 324 904 ‘tetulissem
341 856 452 918 pedem&
472 855 507 908 ct.
525 855 559 905 ad
577 855 600 904 V
621 858 643 916 1,
663 856 694 906 13
713 854 827 920 Adelph.
846 853 885 903 IV
903 857 926 914 b,
946 858 963 904 4
1045 855 1146 918 Appio:
1168 855 1208 904 sic

62 922 143 977 codd.
163 923 227 972 boni
244 937 300 973 uno
318 937 374 984 ore,
395 923 431 975 cf.
445 923 542 973 Fleck.
555 938 617 972 ann.
630 922 718 988 suppl.
731 922 754 971 X
769 938 794 987 p.
808 924 859 973 686
922 922 954 972 66
972 922 1081 971 mimica
1099 921 1209 972 vilitate

10 988 14 995 '
62 990 170 1040 evitata
194 990 230 1042 cf.
254 990 339 1041 schol.
363 991 433 1040 Eun.
452 990 491 1041 IV
508 993 534 1051 4,
553 992 596 1054 27,
624 992 673 1041 nbi
695 990 790 1040 Plauti
814 1005 903 1053 nugae
928 987 1010 1039 simul
1034 992 1210 1054 castigantur

10 1064 14 1073 “
130 1072 158 1122 6.
175 1059 203 1120 6,
215 1059 248 1108 29
267 1059 422 1123 argumenti
440 1060 612 1109 concinnitas
631 1058 798 1109 Graecorum
817 1072 925 1123 quoque
944 1071 1031 1107 novae
1050 1057 1208 1108 comoediae

60 1125 202 1191 proprium
219 1126 405 1184 indicabatur,
426 1126 538 1192 6161,
553 1129 584 1177 17
599 1131 628 1176 61
640 1125 808 1188 Diomedem.
828 1124 909 1175 aliter
922 1125 1046 1187 Plautus,
1065 1124 1099 1174 of.
1113 1125 1209 1178 Horat.

63 1193 147 1259 epist.
166 1192 195 1242 11
214 1196 237 1255 1,
257 1195 305 1245 tat
392 1210 418 1257 p.
438 1195 464 1255 6,
484 1196 514 1244 12
537 1195 580 1245 of:
591 1193 679 1244 Varro
698 1210 743 1258 ap.
762 1193 918 1244 Charisium
937 1192 1082 1254 (Wilmans
1101 1209 1128 1258 p.
1146 1193 1209 1255 206)

61 1269 91 1310 61
109 1262 139 1310 16
151 1260 323 1312 Parmenone
342 1260 393 1326 frg.
406 1262 465 1317 XV.
500 1264 567 1312 item
585 1261 670 1317 schol.
682 1261 797 1327 Adelph.
811 1261 836 1309 V
853 1264 878 1320 9,
893 1263 935 1323 29,
956 1260 1003 1310 ubi
1021 1260 1208 1311 'truculentus

10 1382 17 1399 ²
60 1328 211 1379 Plautinus
235 1330 410 1394 vituperatur
495 1345 521 1395 p.
541 1333 565 1390 6,
585 1332 616 1380 21
641 1329 764 1394 conlegit
783 1330 853 1380 talia
872 1345 887 1378 e
906 1328 1006 1379 Plauto
1025 1330 1208 1378 Mommsenus

61 1396 127 1447 hiat.
148 1398 226 1447 Rom.
244 1402 309 1447 tom.
329 1397 358 1446 1⁷
375 1413 402 1462 p.
421 1399 472 1448 893
485 1412 526 1463 66.
596 1399 660 1463 p‚6,
677 1401 707 1449 13
721 1399 798 1460 fldem
816 1398 947 1447 ueritatis:
966 1398 1001 1451 cf.
1014 1396 1209 1462 Aristophanis

10 1482 15 1501 ν
60 1465 236 1529 grammatici
260 1464 391 1514 indicium
409 1465 442 1515 de
462 1463 611 1516 Menandro
630 1467 702 1530 quod
721 1464 910 1528 Quintilianus
929 1465 1033 1529 repetit
1051 1463 1085 1528 (X
1107 1469 1130 1528 1,
1147 1462 1207 1530 tal:

58 1535 98 1582 ita
115 1549 211 1583 omnem
228 1534 296 1584 uitae
313 1535 444 1598 insapinem
461 1534 601 1598 expressit.

148 1626 305 1688 Credimus
321 1628 481 1688 Plutarcho
502 1628 549 1688 661
571 1628 613 1687 616
630 1647 704 1704 6666
720 1634 839 1688 6666166
855 1630 901 1686 661
916 1626 987 1685 viris
1004 1627 1205 1702 sagacissimis

61 1731 134 1773 vera
156 1731 220 1772 6666
235 1712 288 1771 1116
303 1714 340 1772 66
356 1713 534 1773 Menandro:
557 1714 593 1772 ds
609 1713 749 1772 Terentio
766 1732 841 1790 6666
858 1712 1010 1787 praedicat
1024 1710 1203 1785 Euanthius,

59 1801 133 1858 sunt
155 1816 233 1858 vera.
269 1801 368 1858 tamen
389 1817 461 1858 num
481 1802 567 1857 16616
581 1799 661 1857 inter
676 1797 822 1858 Graecum
838 1796 975 1856 criticum
992 1800 1023 1855 61
1037 1796 1206 1855 Romanum

61 1881 261 1942 consonantia
275 1883 389 1960 iudicii,
405 1885 578 1960 praesertim
595 1885 626 1942 in
642 1884 861 1958 comparatione
877 1888 910 1940 61
925 1881 987 1939 11116
1001 1880 1158 1940 Menandri
1174 1886 1205 1940 et

47 1972 199 2026 ¹veter-um
216 1966 259 2025 116
274 1967 321 2026 hic
334 1966 468 2027 Terentii
482 1972 512 2028 et
527 1973 690 2028 ceterorum
706 1968 894 2039 comicorum,
912 1967 1040 2025 veritate
1055 1966 1119 2025 6616
1134 1967 1207 2026 satis

46 2051 211 2127 ‘explicata
226 2054 275 2125 611,
295 2052 400 2113 dubito
415 2054 617 2114 vehementer.
647 2054 738 2111 immo
754 2053 850 2112 dicam
866 2052 945 2127 quod
962 2053 1074 2110 sentio:
1099 2051 1206 2111 Roma·

60 2154 138 2196 num
152 2137 306 2196 lectitasse
322 2138 454 2214 suspicor
469 2158 544 2214 6666
556 2137 662 2196 Graeci
679 2138 715 2195 de
730 2138 792 2196 suis
804 2137 978 2207 iudicarant,
995 2140 1025 2194 61
1037 2137 1074 2194 66
1086 2136 1205 2196 illorum

59 2222 232 2296 exemplum
249 2241 333 2281 suam
350 2223 598 2299 comparationem
615 2241 686 2282 sano
702 2223 811 2282 iudicio
826 2221 1001 2282 delineasse.

143 2306 215 2366 Hoc
234 2308 259 2366 si
280 2311 360 2367 recte
382 2309 556 2381 conicimus,
579 2309 647 2366 6166
668 2327 758 2383 quam
779 2308 854 2365 bene
876 2305 1003 2381 quadret
1021 2305 1059 2363 ad
1075 2306 1207 2380 optimae

60 2390 171 2450 aetatis
193 2392 294 2451 616616
308 2392 519 2452 Romanorum.
550 2396 582 2450 et
602 2393 680 2452 enim
703 2391 749 2450 illi
766 2391 920 2451 historiam
935 2390 1105 2448 litterarum
1121 2409 1205 2449 suam

59 2476 213 2556 quomodo
235 2478 396 2536 secundum
418 2497 452 2535 ea
471 2478 655 2537 excoluerint
671 2481 701 2535 et
717 2477 932 2536 delineaverint
947 2493 1024 2550 quae
1041 2472 1144 2533 Graeci
1160 2472 1207 2552 (16

60 2559 170 2637 primis
185 2558 388 2645 peripatetici)
404 2563 441 2621 de
457 2564 518 2622 6616
533 2563 644 2622 litteris
661 2563 898 2638 exploraverant,
916 2560 946 2618 id
962 2579 979 2617 a
994 2559 1094 2618 Leone
1110 2559 1206 2619 doctis

59 2645 142 2705 curis
169 2645 362 2706 inlustratum
389 2655 445 2707 est.
480 2648 531 2706 sed
555 2649 645 2706 etiam
666 2648 697 2706 in
720 2647 837 2721 poetice
860 2664 935 2723 quae
958 2648 1016 2704 ‘est
1035 2662 1083 2702 ars
1105 2663 1206 2703 earum

58 2729 175 2789 rerum’
187 2749 254 2790 oum
267 2733 394 2809 vestigia
405 2733 559 2791 doctorum
569 2732 747 2791 Graecorum
761 2736 939 2807 premerent,
957 2731 1019 2790 sive
1033 2732 1205 2804 poematum

60 2816 188 2890 proprie
202 2816 404 2876 Romanorum
427 2836 537 2894 genera
556 2818 592 2875 ad
608 2816 749 2876 Graecam
766 2816 906 2876 amussim
924 2818 1101 2890 exegerunt,
1124 2813 1208 2872 66161

59 2897 161 2958 Varro
197 2906 351 2976 poematos
386 2903 539 2961 dramatici
570 2901 728 2979 generibus
760 2901 891 2970 Graecis,
927 2900 1054 2976 tropicae
1083 2900 1207 2959 manicae

58 2986 208 3060 satyricae
236 2987 382 3060 mimicae,
414 2989 581 3063 composuit
606 2986 741 3045 Romana
766 2989 980 3060 praetextatam
1004 2985 1206 3044 tabernariam

58 3066 232 3131 Atellanam
257 3072 442 3148 planipedem
463 3071 515 3149 (61.
537 3072 688 3132 Usenerus
715 3072 744 3129 in
766 3072 866 3133 relatt.
886 3071 968 3128 acad.
991 3069 1105 3128 Monac.
1124 3069 1205 3128 1892

59 3173 93 3230 p.
111 3155 286 3233 614666),
309 3157 371 3215 6166
394 3177 468 3233 6666
490 3153 635 3217 formulae
651 3160 682 3214 et
697 3156 843 3232 imagines
858 3159 889 3215 in
904 3154 1021 3214 iudiciis
1036 3154 1206 3212 litterarum

60 3258 80 3296 a
96 3235 217 3299 Graecis
238 3241 348 3301 criticis
373 3244 419 3301 vel
433 3242 604 3302 hominibus
620 3242 855 3318 elegantioribus
870 3239 1140 3316 frequentabantur
1155 3256 1205 3296 eas

59 3322 175 3382 imitati
201 3329 282 3385 sunt.
319 3327 362 3385 ita
378 3323 585 3402 Καλλιμάχου
612 3323 650 3387 τὸ
671 3323 826 3401 τορευτὸν
848 3321 928 3386 ἔποτ
948 3321 1036 3395 τόδε,
1064 3318 1206 3397 ἀποτορ-

62 3404 172 3471 νεύειν
189 3403 347 3484 ὀνόματα,
365 3411 474 3470 similia
490 3412 675 3470 suscitabant
688 3417 820 3471 tornatae
835 3429 952 3479 versus,
969 3414 1087 3468 tornum
1101 3411 1206 3483 poetae

62 3492 264 3553 adhibendum
289 3497 340 3571 (cf.
357 3497 521 3572 Bentleyus
542 3497 578 3554 66
596 3497 702 3555 Horat.
719 3517 743 3553 6.
761 3515 790 3571 p.
807 3491 884 3574 441)
902 3501 933 3552 61
947 3495 1089 3553 caelatam
1103 3509 1206 3551 aotam

62 3577 166 3638 Masis
183 3597 256 3654 opas
271 3582 322 3639 ubi
339 3582 440 3640 Musae
457 3599 577 3657 quoque
591 3581 759 3639 imitatione
776 3579 954 3639 Graecorum
970 3578 1140 3636 criticorum
1154 3577 1205 3634 ad·

61 3667 211 3722 vocantur
236 3663 285 3742 (of.
309 3667 411 3726 Aelius
438 3666 514 3725 Stilo
541 3686 587 3741 66.
611 3660 916 3743 autoritates),
943 3665 1014 3722 tima
1040 3681 1115 3737 opus
1142 3664 1207 3720 erat

61 3746 207 3807 Romanis
232 3749 343 3810 litteris
368 3755 402 3809 ut
423 3749 542 3810 Graecis
568 3746 606 3810 τὸ
628 3746 894 3824 κατερρινημένον
915 3744 1016 3809 εἰπεῖν
1038 3754 1068 3805 61
1088 3743 1205 3823 φράτιν

61 3827 175 3907 divelli,
202 3835 304 3895 iaaadi
329 3855 432 3895 versus
458 3836 542 3894 reddi
568 3835 651 3894 iubet
672 3836 793 3894 criticus
816 3835 982 3904 Romanus,
1006 3827 1205 3908 6616ετ1χον

60 3911 223 3992 Πιερίδων
245 3919 422 3994 χαλκευτὸν
445 3917 494 3981 ἐπ’
516 3915 627 3994 drudes
643 3919 746 3979 Graeci
764 3920 933 3978 laudabant.
963 3917 1205 3992 frequentissima

59 4001 94 4061 in
120 4002 231 4062 talibus
259 4005 386 4065 imitatio
408 4005 587 4066 Graecorum
610 4010 670 4064 est:
696 4007 834 4065 carreadi
849 4004 1031 4083 properandi
1052 4002 1152 4076 imago
1173 4000 1203 4058 in

58 4086 180 4148 iudiciis
192 4088 361 4149 litterarum
374 4092 485 4151 usitata
496 4089 654 4160 aGraocis,
667 4090 772 4149 661666
785 4111 802 4147 6
813 4091 973 4163 Romanis;
988 4088 1053 4160 slait
1063 4085 1202 4144 Cratinus

58 4171 272 4249 Aristophani,
295 4173 473 4236 Callimacho
496 4176 689 4252 Apollonius,
713 4175 858 4234 Pindarus
882 4172 1039 4232 Eustathio
1059 4170 1204 4247 (prooem.

58 4255 148 4318 Pina.
165 4276 230 4334 cap.
247 4260 265 4317 2
283 4261 346 4319 614
364 4260 585 4338 Schneidewin)
608 4264 640 4318 et
654 4260 793 4335 Horatio,
815 4260 911 4318 cidem
928 4256 1074 4326 Lucilius,
1098 4255 1204 4332 Lysias

60 4344 93 4399 et
104 4339 208 4404 Cicero
223 4343 407 4416 Quintiliano
417 4345 456 4422 (Χ
469 4346 514 4422 1);
530 4346 586 4405 met
597 4348 753 4421 poetarum
766 4365 782 4402 a
794 4344 903 4403 criticis
916 4342 1044 4414 Graecis,
1062 4341 1203 4416 deinceps
