2768 4830
117 260 282 316 Pltebhow:
295 259 330 315 de
337 258 441 316 Donati
452 261 610 315 commento
620 238 651 314 in
659 256 821 314 Terentium
831 274 905 328 spec
914 257 1143 316 observationum
1155 258 1176 314 I.
1197 252 1260 317 337

672 476 715 535 IV

207 597 359 654 SCHOLIA
375 597 406 655 iu
421 596 593 655 Terentium
610 596 794 652 ANONYMA
808 614 826 654 a
842 594 964 654 Schleeo
976 594 1060 654 edita
1072 594 1261 654 Woelfflinus

118 683 160 744 ad
175 682 351 758 Pompeium
366 681 476 741 Donati
498 683 760 740 commentatorem
781 680 930 756 pertinere
952 680 1077 739 coniecit
1097 680 1128 739 in
1143 680 1261 740 archivo

120 786 177 828 suo
198 787 224 827 e.
247 767 329 826 1893
351 787 380 841 p.
396 767 473 837 420,
496 765 566 841 qnia
580 765 763 840 praescripta
776 765 977 839 dispiciuntur
992 765 1052 824 illis
1067 765 1098 822 in
1114 761 1154 823 G:
1173 765 1262 820 COM-

70 863 75 871 ·
119 853 303 909 MENTAEII
324 851 488 910 OOPEIVS.
523 853 642 926 poterat
669 851 716 909 vir
739 850 845 909 doctus
867 849 1008 908 advocare
1027 850 1154 907 eundem
1175 848 1262 907 Pom·
1345 851 1349 859 '

117 939 221 1015 peium
239 956 322 996 susm
337 936 469 995 Terentii
485 935 633 994 tractandi
649 953 768 1010 operam
784 938 942 993 testantem
957 934 1068 1009 ipsum:
1092 934 1195 994 adhibe
1206 934 1262 993 att·

118 1040 211 1097 quum
231 1024 456 1096 accusationem,
474 1022 620 1094 primum,
637 1021 828 1094 participium
848 1021 912 1078 eine
932 1020 1011 1079 uerbi
1029 1020 1141 1094 oripine
1154 1018 1261 1090 faciem,
1328 1022 1329 1025 ’

99 1109 185 1167 idco
204 1106 303 1178 fecisse
321 1107 461 1180 quoniam
475 1105 614 1165 tutunus
628 1105 868 1178 usurpanduum
877 1105 1102 1178 participiorum
1116 1104 1262 1163 licentiam

115 1198 153 1252 ut
168 1192 295 1252 dicimus
310 1192 382 1251 etin
393 1191 526 1250 Terentio
539 1185 712 1268 [loquendus
719 1190 909 1263 participium
921 1193 962 1249 est
973 1191 1037 1248 sine
1047 1187 1125 1248 uerbi
1135 1187 1259 1265 criptae]

117 1276 148 1332 V
164 1295 194 1351 p.
211 1277 282 1353 229,
300 1277 318 1335 7
335 1275 371 1335 Κ.
391 1275 428 1334 ci.
444 1275 555 1334 Donat.
571 1275 602 1333 in
618 1274 729 1351 Hecyr.
747 1275 823 1350 prol.
838 1273 869 1333 Π
887 1275 925 1333 13
943 1271 1096 1349 (placitae)
1108 1279 1181 1334 nota
1193 1291 1261 1347 pur·

115 1362 253 1436 ticipium
267 1362 330 1420 sine
344 1361 437 1429 uerbo,
453 1360 532 1418 idem
549 1359 585 1417 ad
600 1358 643 1417 IV
658 1361 688 1431 4,
706 1360 755 1417 22.
784 1377 879 1434 nequa
897 1361 996 1418 temen
1011 1359 1065 1417 hoe
1081 1357 1184 1417 adfero
1201 1377 1261 1435 qno

115 1444 295 1505 Woelfflino
318 1445 483 1514 adsentiarr
509 1445 599 1503 immo
620 1444 724 1502 talium
745 1446 886 1503 notarum
907 1443 938 1501 in
960 1442 1172 1501 commentario
1193 1460 1262 1501 ano·

114 1549 211 1608 nyma
226 1549 281 1589 nec
297 1529 366 1589 vola
380 1548 434 1589 nec
449 1530 611 1604 vestigium
627 1533 758 1604 apparet.
789 1532 933 1586 utcontra
946 1527 1115 1604 quodidem
1128 1527 1263 1586 christia-

116 1615 211 1675 nismi
234 1614 363 1691 vestigia
385 1613 494 1672 ibidem
516 1614 688 1672 observavit
699 1613 826 1688 siugulis
842 1613 963 1672 vocibus
978 1612 1104 1671 conlatis
1120 1606 1162 1690 (p.
1175 1613 1263 1688 414),

117 1718 258 1760 succurro
282 1700 309 1758 ei
331 1699 465 1773 exemplo
488 1698 625 1774 adposito
647 1697 892 1757 luculentissimo.
928 1697 1058 1756 Andriae
1079 1696 1093 1754 1
1117 1701 1145 1772 1,
1162 1698 1201 1755 66
1217 1716 1261 1772 sq.

116 1783 203 1844 Simo
225 1786 390 1843 castitatem
411 1783 465 1841 filii
487 1783 653 1857 praedicat:
676 1783 755 1841 ‘nam
778 1783 829 1858 qui
852 1801 918 1840 cunr
933 1782 1060 1857 ingeniis
1076 1781 1263 1841 conflictatur

117 1871 186 1929 aius
213 1869 292 1928 modi
319 1887 417 1944 neque
445 1872 648 1927 commovetur
673 1868 788 1926 enimus
814 1869 844 1925 in
868 1886 903 1925 ea
924 1886 956 1927 re
979 1867 1103 1939 tamen’,
1129 1866 1262 1942 adquae

120 1954 296 2014 scholiasta:
318 1956 370 2026 qm·
389 1956 486 2029 ipnem
506 1955 539 2013 in
559 1955 629 2013 mnu
639 1957 738 2026 portet
753 1958 778 2012 et
793 1970 854 2011 non
869 1952 1056 2012 comburitur.
1088 1953 1263 2010 meminerat

119 2038 264 2098 videlicet
282 2039 419 2097 miraculi
443 2057 503 2114 quo
523 2040 553 2096 in
575 2038 709 2114 legendis
727 2037 902 2095 Sanctorum
925 2034 1069 2110 pudicitia
1085 2036 1217 2097 virorum
1233 2043 1263 2095 st

117 2125 274 2200 virginum
291 2123 345 2181 Dei
361 2123 532 2199 saepissime
547 2126 711 2197 temptatur
726 2129 757 2180 ct
771 2122 966 2197 adprobatur.

207 2208 406 2267 Praemissum
428 2207 484 2266 fuit
506 2207 573 2265 hnic
591 2207 803 2266 commentario
819 2202 1008 2283 DltiEOM)
1022 2207 1178 2264 exordium
1195 2226 1261 2266 cum

122 2295 185 2353 vita
196 2297 309 2368 poetae,
328 2293 450 2368 quadiu
462 2291 601 2350 omnihus
613 2291 698 2350 libris
710 2291 833 2351 interiit.
861 2294 923 2365 ipse
935 2294 1037 2349 nutam
1048 2295 1262 2350 commentator

118 2378 196 2437 illud
214 2377 334 2453 respicit
349 2378 386 2435 ad
402 2376 539 2435 Eunuchi
555 2377 762 2435 didascaliam:
778 2377 854 2449 qnod
865 2376 1032 2435 Menander
1041 2378 1173 2450 primum
1188 2394 1262 2458 com-

115 2468 255 2537 posuerat
269 2463 403 2533 fabulum
417 2462 558 2522 Munati
571 2463 605 2521 in
621 2459 731 2521 Graeco
745 2478 889 2531 sumone,
911 2461 1014 2520 deinde
1027 2478 1094 2520 uero
1110 2461 1262 2520 Terentius

118 2551 154 2608 in
168 2547 278 2607 Latino
292 2565 436 2618 sumone,
459 2548 534 2606 iam
554 2547 690 2606 dictum
704 2551 755 2605 est
770 2550 796 2604 et
810 2547 887 2622 pund
901 2547 964 2605 eius
977 2547 1111 2605 recitator
1124 2545 1181 2617 fuit
1199 2543 1262 2605 Oul-

119 2635 235 2706 liopius.
266 2637 296 2692 ut
310 2650 376 2692 uero
390 2633 554 2691 modulator
568 2633 630 2691 eiua
644 2632 803 2691 comoedica
816 2631 874 2703 fuit
885 2631 1011 2690 ruem
1021 2632 1146 2703 optunm
1158 2631 1263 2691 tibicen

120 2713 166 2794 (p.
182 2718 221 2776 94
244 2713 346 2797 Seni).
382 2717 454 2776 haec
480 2718 574 2792 igitur
599 2715 843 2775 desiderabantur
871 2735 888 2773 a
915 2714 1038 2774 Schleco
1065 2735 1093 2789 p.
1107 2717 1147 2772 42
1164 2734 1208 2791 sq.
1231 2724 1262 2774 et

117 2802 301 2862 Dziatzhone
321 2804 353 2860 in
375 2803 448 2861 actis
471 2802 563 2859 litter.
585 2799 683 2859 Berol.
702 2801 783 2859 1894
805 2821 832 2875 p.
849 2800 922 2859 432.
954 2806 984 2858 at
1004 2804 1104 2858 tamen
1125 2806 1262 2875 prostant

119 2892 151 2946 et
171 2888 230 2946 iem
250 2906 276 2945 a.
299 2884 508 2947 MDOCXXVI
529 2887 673 2960 impressa
693 2889 772 2944 sunt.
803 2889 833 2946 et
851 2885 932 2944 enim
948 2884 1172 2944 Westerhovius
1191 2903 1261 2944 suae

120 2972 260 3031 editionis
283 2971 387 3030 tom.I
408 2991 437 3046 p.
453 2970 566 3029 XXXII
592 2971 685 3028 vitam
707 2969 839 3028 Terentii
866 2988 1044 3045 anonymam
1071 2989 1089 3027 a
1112 2967 1261 3028 Gronovio

120 3077 157 3115 ex
180 3054 341 3116 Oxonisnsi
368 3056 546 3130 descriptam
574 3054 706 3130 exhibet,
733 3053 839 3112 melius
866 3055 968 3112 ead-em
995 3054 1149 3130 proposita
1175 3057 1220 3112 est
1244 3074 1262 3112 a

119 3142 250 3201 Brnnsio
271 3161 286 3199 e
307 3139 407 3199 codice
428 3140 551 3199 Halensi
571 3158 630 3198 una
650 3158 717 3198 cum
738 3139 810 3214 ipsis
833 3137 942 3197 fabulis
964 3143 995 3197 ct
1016 3139 1137 3197 scholiis
1152 3138 1260 3197 Halan-

82 3277 84 3280 ,
121 3226 215 3288 sibus.
245 3244 320 3301 quae
332 3225 443 3284 scholia
453 3227 505 3300 qni
518 3225 752 3299 perlustraverit,
768 3241 828 3281 non
842 3224 929 3281 modo
941 3223 1122 3282 artissimam
1134 3225 1260 3282 necessi·

119 3311 255 3370 tudinem
269 3310 347 3369 inter
357 3331 391 3368 aa
403 3313 433 3367 et
444 3310 689 3368 commentarium
699 3309 725 3365 D
735 3308 916 3367 intercedere
928 3308 1092 3382 mirabitur,
1106 3309 1158 3367 sed
1170 3309 1260 3366 etiam

120 3415 198 3473 quae
218 3413 307 3471 supra
327 3414 363 3454 ex
384 3395 439 3454 hoc
460 3394 585 3469 repetivi
606 3413 640 3451 ea
661 3393 726 3469 ipsa
742 3392 845 3451 eodem
861 3392 927 3451 loco
943 3393 974 3450 in
990 3392 1112 3450 Halensi
1129 3393 1260 3452 inveniet

120 3501 151 3555 p.
170 3482 229 3540 154
245 3481 357 3539 Brnns:
381 3481 457 3554 quod
471 3479 637 3540 Menander
657 3480 788 3552 primum
808 3480 965 3551 composuit
979 3477 1111 3547 futuam
1126 3476 1261 3536 Andriae

121 3563 232 3626 &occo
246 3584 385 3636 sermone,
401 3565 502 3624 deiude
516 3582 582 3623 uero
595 3565 748 3623 Terentius
758 3563 879 3634 Latino,
894 3564 956 3622 ium
970 3563 1077 3621 dictum
1092 3567 1133 3621 est
1146 3566 1173 3621 ct
1185 3564 1261 3636 quod

120 3653 182 3711 eins
203 3653 338 3711 tradatur
350 3651 440 3722 fuerit
456 3648 622 3723 Ouitiopius.
652 3654 682 3709 at
696 3667 762 3708 uero
776 3649 940 3708 modulator
954 3649 1017 3706 eius
1031 3647 1190 3707 comoediae
1203 3647 1261 3718 fuit

119 3735 246 3796 flaccus
265 3738 390 3811 optimus
404 3735 518 3794 tibicen.
548 3736 606 3792 iam
623 3734 671 3792 adi
687 3735 778 3793 vitam
796 3753 869 3809 quae
886 3731 1026 3791 Terentio
1043 3731 1164 3790 Halaesi
1179 3751 1259 3806 prae·

120 3820 179 3879 fixa
204 3824 266 3880 est:
294 3821 368 3898 legis
395 3821 425 3878 in
451 3820 504 3877 illa
530 3813 575 3899 (p.
594 3814 629 3899 4)
656 3837 730 3894 quae
755 3818 814 3876 iam
843 3818 921 3876 dicta
941 3836 1004 3876 esse
1027 3816 1201 3877 scholiastae
1222 3816 1257 3872 ad

119 3905 295 3965 Eunuchum
327 3909 476 3965 testantur
504 3904 540 3962 de
570 3904 692 3963 Andriis
722 3903 758 3961 de
785 3901 946 3978 calliopio,
978 3902 1111 3977 sequitur
1138 3900 1258 3958 Flaccus

118 3990 296 4050 modulator.
336 4008 405 4065 ergo
431 3989 506 4048 hauc
532 3988 625 4048 vitam
653 3989 863 4048 commentario
889 3987 914 4047 D
941 3987 1033 4047 fnisse
1059 3985 1258 4062 praepositam

118 4076 295 4152 statuimus,
309 4074 388 4150 quod
403 4093 474 4133 vcro
490 4094 507 4132 a
522 4074 681 4133 scholiasta
696 4074 721 4132 D
738 4073 840 4146 fabulo
855 4073 995 4132 Eunuchi
1010 4074 1259 4130 commemoratur

120 4160 162 4236 (p.
180 4161 221 4218 94
237 4158 330 4235 Schl.)
354 4177 408 4234 pro
428 4160 532 4231 fabula
551 4156 685 4219 Andriae
705 4158 808 4217 scholii
831 4158 983 4226 Helenus,
1013 4157 1122 4214 lactum
1144 4155 1174 4214 id
1195 4173 1258 4214 esse

118 4244 349 4320 interpolatione
365 4245 427 4303 eius
445 4245 495 4320 qui
506 4245 542 4304 de
551 4243 688 4302 Eunuchi
701 4244 749 4318 agi
762 4242 920 4301 didascalia
931 4240 1116 4300 incommode
1127 4240 1257 4299 animad-

118 4333 250 4390 verteret
271 4339 302 4389 et
323 4329 410 4387 modo
429 4329 567 4406 legisset,
591 4347 665 4403 qnae
686 4328 716 4385 in
733 4327 758 4385 D
776 4328 895 4402 quidem
913 4326 1080 4401 perierunt,
1103 4325 1134 4384 iu
1149 4325 1259 4384 scholio

169 4432 306 4475 Jahrbdcher
316 4434 352 4475 sdr
361 4433 427 4477 class.
436 4431 513 4486 philol.
529 4435 578 4475 1897
589 4432 630 4473 hit.
641 4433 654 4472 4
664 4445 682 4474 u.
692 4431 712 4475 5.
1024 4427 1057 4475 22
