<?xml version="1.0" encoding="UTF-8"?>
<!DOCTYPE html PUBLIC "-//W3C//DTD XHTML 1.0 Transitional//EN"
    "http://www.w3.org/TR/xhtml1/DTD/xhtml1-transitional.dtd">
<html xmlns="http://www.w3.org/1999/xhtml" xml:lang="en" lang="en">
 <head>
  <title>
</title>
<meta http-equiv="Content-Type" content="text/html;charset=utf-8" />
  <meta name='ocr-system' content='tesseract 3.04.00' />
  <meta name='ocr-capabilities' content='ocr_page ocr_carea ocr_par ocr_line ocrx_word'/>
</head>
<body>
  <div class='ocr_page' id='page_1' title='image "./dedonaticomment00rabbgoog_0039.png"; bbox 0 0 2768 4830; ppageno 0'>
   <div class='ocr_carea' id='block_1_1' title="bbox 194 238 1343 316">
    <p class='ocr_par' dir='ltr' id='par_1_1' title="bbox 194 238 1343 316">
     <span class='ocr_line' id='line_1_1' title="bbox 194 238 1343 316; baseline -0.003 -11"><span class='ocrx_word' id='word_1_1' title='bbox 194 241 256 306; x_wconf 87' lang='grc'><strong>336</strong></span> <span class='ocrx_word' id='word_1_2' title='bbox 278 246 439 302; x_wconf 86' lang='lat' dir='ltr'><strong>PRabbow:</strong></span> <span class='ocrx_word' id='word_1_3' title='bbox 452 246 487 301; x_wconf 88' lang='lat' dir='ltr'><strong>de</strong></span> <span class='ocrx_word' id='word_1_4' title='bbox 497 246 600 301; x_wconf 88' lang='lat' dir='ltr'><strong>Donati</strong></span> <span class='ocrx_word' id='word_1_5' title='bbox 613 249 769 302; x_wconf 86' lang='lat' dir='ltr'><strong>commento</strong></span> <span class='ocrx_word' id='word_1_6' title='bbox 780 247 811 301; x_wconf 92' lang='lat' dir='ltr'><strong>in</strong></span> <span class='ocrx_word' id='word_1_7' title='bbox 819 242 983 301; x_wconf 83' lang='lat' dir='ltr'><strong>Terentium</strong></span> <span class='ocrx_word' id='word_1_8' title='bbox 992 262 1066 316; x_wconf 88' lang='lat' dir='ltr'><strong>spec.</strong></span> <span class='ocrx_word' id='word_1_9' title='bbox 1074 238 1343 303; x_wconf 69' lang='lat' dir='ltr'><strong>observationum&#39;l&#39;.</strong></span> 
     </span>
    </p>
   </div>
   <div class='ocr_carea' id='block_1_2' title="bbox 191 412 1345 1175">
    <p class='ocr_par' dir='ltr' id='par_1_2' title="bbox 192 412 1341 558">
     <span class='ocr_line' id='line_1_2' title="bbox 192 412 1341 490; baseline -0.001 -17"><span class='ocrx_word' id='word_1_10' title='bbox 192 415 259 474; x_wconf 91' lang='lat' dir='ltr'><strong>dem</strong></span> <span class='ocrx_word' id='word_1_11' title='bbox 283 414 473 474; x_wconf 86' lang='lat' dir='ltr'><strong>scholiastam</strong></span> <span class='ocrx_word' id='word_1_12' title='bbox 494 415 665 490; x_wconf 77' lang='lat' dir='ltr'><strong>negaverim</strong></span> <span class='ocrx_word' id='word_1_13' title='bbox 687 413 833 474; x_wconf 84' lang='lat' dir='ltr'><strong>diversam</strong></span> <span class='ocrx_word' id='word_1_14' title='bbox 851 433 868 471; x_wconf 92' lang='lat' dir='ltr'><strong>a</strong></span> <span class='ocrx_word' id='word_1_15' title='bbox 883 413 1033 473; x_wconf 87' lang='lat' dir='ltr'><strong>oodicibus</strong></span> <span class='ocrx_word' id='word_1_16' title='bbox 1049 412 1243 474; x_wconf 86' lang='lat' dir='ltr'><strong>Terentianis</strong></span> <span class='ocrx_word' id='word_1_17' title='bbox 1259 432 1341 474; x_wconf 91' lang='lat' dir='ltr'><strong>secu·</strong></span> 
     </span>
     <span class='ocr_line' id='line_1_3' title="bbox 193 500 1217 558; baseline -0.002 0"><span class='ocrx_word' id='word_1_18' title='bbox 193 505 257 558; x_wconf 91' lang='lat' dir='ltr'><strong>tum</strong></span> <span class='ocrx_word' id='word_1_19' title='bbox 274 518 338 558; x_wconf 87' lang='lat' dir='ltr'><strong>esse</strong></span> <span class='ocrx_word' id='word_1_20' title='bbox 355 500 595 558; x_wconf 80' lang='lat' dir='ltr'><strong>distributionem</strong></span> <span class='ocrx_word' id='word_1_21' title='bbox 611 517 793 558; x_wconf 81' lang='lat' dir='ltr'><strong>scaenarum.</strong></span> <span class='ocrx_word' id='word_1_22' title='bbox 1214 540 1217 545; x_wconf 85' lang='lat'><em>-</em></span> 
     </span>
    </p>

    <p class='ocr_par' dir='ltr' id='par_1_3' title="bbox 191 576 1345 1175">
     <span class='ocr_line' id='line_1_4' title="bbox 277 576 1342 659; baseline -0.001 -17"><span class='ocrx_word' id='word_1_23' title='bbox 277 583 385 644; x_wconf 78' lang='lat' dir='ltr'><strong>Restat</strong></span> <span class='ocrx_word' id='word_1_24' title='bbox 405 588 504 642; x_wconf 89' lang='lat' dir='ltr'><strong>autem</strong></span> <span class='ocrx_word' id='word_1_25' title='bbox 525 590 559 643; x_wconf 86' lang='lat' dir='ltr'><strong>ut</strong></span> <span class='ocrx_word' id='word_1_26' title='bbox 581 584 616 642; x_wconf 88' lang='lat' dir='ltr'><strong>de</strong></span> <span class='ocrx_word' id='word_1_27' title='bbox 637 576 758 643; x_wconf 87' lang='lat' dir='ltr'><strong>duobus</strong></span> <span class='ocrx_word' id='word_1_28' title='bbox 771 583 846 643; x_wconf 90' lang='lat' dir='ltr'><strong>locis</strong></span> <span class='ocrx_word' id='word_1_29' title='bbox 863 598 1014 642; x_wconf 76' lang='lat' dir='ltr'><strong>moneam-2</strong></span> <span class='ocrx_word' id='word_1_30' title='bbox 1035 582 1078 640; x_wconf 92' lang='lat' dir='ltr'><strong>ita</strong></span> <span class='ocrx_word' id='word_1_31' title='bbox 1092 585 1182 642; x_wconf 89' lang='lat' dir='ltr'><strong>erunt</strong></span> <span class='ocrx_word' id='word_1_32' title='bbox 1196 582 1259 641; x_wconf 91' lang='lat' dir='ltr'><strong>iam</strong></span> <span class='ocrx_word' id='word_1_33' title='bbox 1275 603 1342 659; x_wconf 90' lang='lat' dir='ltr'><strong>per·</strong></span> 
     </span>
     <span class='ocr_line' id='line_1_5' title="bbox 192 666 1342 744; baseline 0.001 -17"><span class='ocrx_word' id='word_1_34' title='bbox 192 669 311 729; x_wconf 86' lang='lat' dir='ltr'><strong>lustrati</strong></span> <span class='ocrx_word' id='word_1_35' title='bbox 335 670 385 744; x_wconf 92' lang='lat' dir='ltr'><strong>qui</strong></span> <span class='ocrx_word' id='word_1_36' title='bbox 408 667 540 727; x_wconf 83' lang='lat' dir='ltr'><strong>adhunc</strong></span> <span class='ocrx_word' id='word_1_37' title='bbox 563 668 764 744; x_wconf 89' lang='lat' dir='ltr'><strong>quaestionem</strong></span> <span class='ocrx_word' id='word_1_38' title='bbox 785 668 896 727; x_wconf 86' lang='lat' dir='ltr'><strong>faciant</strong></span> <span class='ocrx_word' id='word_1_39' title='bbox 911 684 1023 728; x_wconf 79' lang='lat' dir='ltr'><strong>omnes.</strong></span> <span class='ocrx_word' id='word_1_40' title='bbox 1053 666 1191 733; x_wconf 77' lang='lat' dir='ltr'><strong>Eunuchi</strong></span> <span class='ocrx_word' id='word_1_41' title='bbox 1208 667 1242 727; x_wconf 89' lang='lat' dir='ltr'><strong>in</strong></span> <span class='ocrx_word' id='word_1_42' title='bbox 1257 687 1342 744; x_wconf 91' lang='lat' dir='ltr'><strong>praa·</strong></span> 
     </span>
     <span class='ocr_line' id='line_1_6' title="bbox 191 752 1344 830; baseline 0.002 -19"><span class='ocrx_word' id='word_1_43' title='bbox 191 752 302 813; x_wconf 83' lang='lat' dir='ltr'><strong>latione</strong></span> <span class='ocrx_word' id='word_1_44' title='bbox 328 753 372 812; x_wconf 91' lang='lat' dir='ltr'><strong>sic</strong></span> <span class='ocrx_word' id='word_1_45' title='bbox 393 753 635 830; x_wconf 88' lang='lat' dir='ltr'><strong>distinguendum</strong></span> <span class='ocrx_word' id='word_1_46' title='bbox 658 756 719 811; x_wconf 89' lang='lat' dir='ltr'><strong>eat:</strong></span> <span class='ocrx_word' id='word_1_47' title='bbox 746 752 835 813; x_wconf 83' lang='lat' dir='ltr'><strong>uerba</strong></span> <span class='ocrx_word' id='word_1_48' title='bbox 854 753 1017 827; x_wconf 68' lang='lat' dir='ltr'><strong>petulantia</strong></span> <span class='ocrx_word' id='word_1_49' title='bbox 1038 752 1161 813; x_wconf 76' lang='lat' dir='ltr'><strong>Thaidis</strong></span> <span class='ocrx_word' id='word_1_50' title='bbox 1180 752 1344 814; x_wconf 83' lang='lat' dir='ltr'><strong>adeersum</strong></span> 
     </span>
     <span class='ocr_line' id='line_1_7' title="bbox 191 835 1345 916; baseline 0.001 -18"><span class='ocrx_word' id='word_1_51' title='bbox 191 840 310 899; x_wconf 83' lang='lat' dir='ltr'><strong>militem</strong></span> <span class='ocrx_word' id='word_1_52' title='bbox 334 835 392 916; x_wconf 86' lang='lat' dir='ltr'><strong>(IV</strong></span> <span class='ocrx_word' id='word_1_53' title='bbox 409 841 437 910; x_wconf 82' lang='lat' dir='ltr'><strong>t,</strong></span> <span class='ocrx_word' id='word_1_54' title='bbox 456 843 469 897; x_wconf 93' lang='lat'>1</span> <span class='ocrx_word' id='word_1_55' title='bbox 489 836 583 914; x_wconf 80' lang='lat' dir='ltr'><strong>sqq),</strong></span> <span class='ocrx_word' id='word_1_56' title='bbox 607 842 633 897; x_wconf 88' lang='lat' dir='ltr'><strong>et</strong></span> <span class='ocrx_word' id='word_1_57' title='bbox 651 838 753 897; x_wconf 83' lang='lat' dir='ltr'><strong>militis</strong></span> <span class='ocrx_word' id='word_1_58' title='bbox 771 839 927 899; x_wconf 87' lang='lat' dir='ltr'><strong>adeersum</strong></span> <span class='ocrx_word' id='word_1_59' title='bbox 942 836 1083 897; x_wconf 70' lang='lat' dir='ltr'><strong>Thaidem</strong></span> <span class='ocrx_word' id='word_1_60' title='bbox 1098 841 1212 911; x_wconf 83' lang='lat' dir='ltr'><strong>parata</strong></span> <span class='ocrx_word' id='word_1_61' title='bbox 1225 839 1345 912; x_wconf 81' lang='lat' dir='ltr'><strong>praelia</strong></span> 
     </span>
     <span class='ocr_line' id='line_1_8' title="bbox 191 916 1343 1000; baseline -0.001 -16"><span class='ocrx_word' id='word_1_62' title='bbox 191 924 367 998; x_wconf 66' lang='lat' dir='ltr'><strong>ridiculeque</strong></span> <span class='ocrx_word' id='word_1_63' title='bbox 388 924 516 998; x_wconf 84' lang='lat' dir='ltr'><strong>deposita</strong></span> <span class='ocrx_word' id='word_1_64' title='bbox 539 921 593 997; x_wconf 88' lang='lat' dir='ltr'><strong>(IV</strong></span> <span class='ocrx_word' id='word_1_65' title='bbox 612 918 659 1000; x_wconf 83' lang='lat'><strong>7);</strong></span> <span class='ocrx_word' id='word_1_66' title='bbox 681 922 885 999; x_wconf 80' lang='lat' dir='ltr'><strong>Adelphorum</strong></span> <span class='ocrx_word' id='word_1_67' title='bbox 907 923 938 981; x_wconf 89' lang='lat' dir='ltr'><strong>iu</strong></span> <span class='ocrx_word' id='word_1_68' title='bbox 952 922 1034 982; x_wconf 87' lang='lat' dir='ltr'><strong>tertii</strong></span> <span class='ocrx_word' id='word_1_69' title='bbox 1048 916 1133 981; x_wconf 81' lang='lat' dir='ltr'><strong>actus</strong></span> <span class='ocrx_word' id='word_1_70' title='bbox 1149 923 1343 983; x_wconf 76' lang='lat' dir='ltr'><strong>enarratione</strong></span> 
     </span>
     <span class='ocr_line' id='line_1_9' title="bbox 192 1006 1344 1083; baseline 0.002 -16"><span class='ocrx_word' id='word_1_71' title='bbox 192 1009 234 1069; x_wconf 89' lang='lat' dir='ltr'><strong>sie</strong></span> <span class='ocrx_word' id='word_1_72' title='bbox 260 1008 465 1068; x_wconf 89' lang='lat' dir='ltr'><strong>scribendum:</strong></span> <span class='ocrx_word' id='word_1_73' title='bbox 492 1007 636 1083; x_wconf 76' lang='lat' dir='ltr'><strong>Hepiouis</strong></span> <span class='ocrx_word' id='word_1_74' title='bbox 662 1009 855 1067; x_wconf 78' lang='lat' dir='ltr'><strong>interventum</strong></span> <span class='ocrx_word' id='word_1_75' title='bbox 880 1011 906 1067; x_wconf 91' lang='lat' dir='ltr'><strong>et</strong></span> <span class='ocrx_word' id='word_1_76' title='bbox 931 1006 1099 1083; x_wconf 74' lang='lat' dir='ltr'><strong>quadum</strong></span> <span class='ocrx_word' id='word_1_77' title='bbox 1112 1007 1194 1082; x_wconf 82' lang='lat' dir='ltr'><strong>apud</strong></span> <span class='ocrx_word' id='word_1_78' title='bbox 1216 1009 1344 1069; x_wconf 63' lang='lat' dir='ltr'><strong>eumque</strong></span> 
     </span>
     <span class='ocr_line' id='line_1_10' title="bbox 191 1087 1218 1175; baseline -0.003 -22"><span class='ocrx_word' id='word_1_79' title='bbox 191 1090 332 1153; x_wconf 83' lang='lat' dir='ltr'><strong>Derueam</strong></span> <span class='ocrx_word' id='word_1_80' title='bbox 347 1093 381 1153; x_wconf 92' lang='lat' dir='ltr'><strong>de</strong></span> <span class='ocrx_word' id='word_1_81' title='bbox 395 1093 472 1165; x_wconf 81' lang='lat' dir='ltr'><strong>facto</strong></span> <span class='ocrx_word' id='word_1_82' title='bbox 487 1090 625 1153; x_wconf 75' lang='lat' dir='ltr'><strong>Aeschini</strong></span> <span class='ocrx_word' id='word_1_83' title='bbox 641 1087 689 1169; x_wconf 82' lang='lat'><strong>(4)</strong></span> <span class='ocrx_word' id='word_1_84' title='bbox 705 1097 731 1151; x_wconf 91' lang='lat' dir='ltr'><strong>et</strong></span> <span class='ocrx_word' id='word_1_85' title='bbox 746 1093 979 1175; x_wconf 83' lang='lat' dir='ltr'><strong>consolationem</strong></span> <span class='ocrx_word' id='word_1_86' title='bbox 992 1091 1141 1152; x_wconf 80' lang='lat' dir='ltr'><strong>Sostratae</strong></span> <span class='ocrx_word' id='word_1_87' title='bbox 1156 1087 1169 1169; x_wconf 92' lang='lat'>(</span> <span class='ocrx_word' id='word_1_88' title='bbox 1193 1093 1218 1167; x_wconf 87' lang='lat'><strong>).</strong></span> 
     </span>
    </p>
   </div>
   <div class='ocr_carea' id='block_1_3' title="bbox 193 1261 1384 4308">
    <p class='ocr_par' dir='ltr' id='par_1_4' title="bbox 193 1261 1384 4308">
     <span class='ocr_line' id='line_1_11' title="bbox 255 1261 1341 1337; baseline 0.001 -16"><span class='ocrx_word' id='word_1_89' title='bbox 255 1316 256 1321; x_wconf 73' lang='grc'>,</span> <span class='ocrx_word' id='word_1_90' title='bbox 279 1261 483 1320; x_wconf 88' lang='lat' dir='ltr'><strong>Praelationes</strong></span> <span class='ocrx_word' id='word_1_91' title='bbox 503 1262 649 1321; x_wconf 81' lang='lat' dir='ltr'><strong>lemmatIs</strong></span> <span class='ocrx_word' id='word_1_92' title='bbox 671 1262 833 1320; x_wconf 87' lang='lat' dir='ltr'><strong>instructae</strong></span> <span class='ocrx_word' id='word_1_93' title='bbox 849 1263 933 1320; x_wconf 86' lang='lat' dir='ltr'><strong>sunt:</strong></span> <span class='ocrx_word' id='word_1_94' title='bbox 954 1261 1142 1337; x_wconf 88' lang='lat' dir='ltr'><strong>praepositus</strong></span> <span class='ocrx_word' id='word_1_95' title='bbox 1158 1263 1206 1321; x_wconf 86' lang='lat' dir='ltr'><strong>esi</strong></span> <span class='ocrx_word' id='word_1_96' title='bbox 1221 1262 1341 1336; x_wconf 87' lang='lat' dir='ltr'><strong>primus</strong></span> 
     </span>
     <span class='ocr_line' id='line_1_12' title="bbox 193 1344 1339 1423; baseline -0.002 -16"><span class='ocrx_word' id='word_1_97' title='bbox 193 1366 297 1407; x_wconf 89' lang='lat' dir='ltr'><strong>versus</strong></span> <span class='ocrx_word' id='word_1_98' title='bbox 313 1346 430 1422; x_wconf 82' lang='lat' dir='ltr'><strong>prologi</strong></span> <span class='ocrx_word' id='word_1_99' title='bbox 441 1346 472 1404; x_wconf 89' lang='lat' dir='ltr'><strong>in</strong></span> <span class='ocrx_word' id='word_1_100' title='bbox 485 1347 599 1405; x_wconf 80' lang='lat' dir='ltr'><strong>Andria</strong></span> <span class='ocrx_word' id='word_1_101' title='bbox 611 1345 729 1422; x_wconf 86' lang='lat' dir='ltr'><strong>Hecyra</strong></span> <span class='ocrx_word' id='word_1_102' title='bbox 740 1345 926 1415; x_wconf 85' lang='lat' dir='ltr'><strong>Phormione,</strong></span> <span class='ocrx_word' id='word_1_103' title='bbox 938 1344 1028 1420; x_wconf 91' lang='lat' dir='ltr'><strong>primi</strong></span> <span class='ocrx_word' id='word_1_104' title='bbox 1039 1349 1123 1405; x_wconf 86' lang='lat' dir='ltr'><strong>actus</strong></span> <span class='ocrx_word' id='word_1_105' title='bbox 1134 1347 1166 1407; x_wconf 88' lang='lat' dir='ltr'><strong>iu</strong></span> <span class='ocrx_word' id='word_1_106' title='bbox 1177 1345 1339 1423; x_wconf 84' lang='lat' dir='ltr'><strong>Adelphis.</strong></span> 
     </span>
     <span class='ocr_line' id='line_1_13' title="bbox 194 1428 1340 1508; baseline -0.001 -17"><span class='ocrx_word' id='word_1_107' title='bbox 194 1449 265 1508; x_wconf 88' lang='lat' dir='ltr'><strong>ergo</strong></span> <span class='ocrx_word' id='word_1_108' title='bbox 281 1433 351 1506; x_wconf 88' lang='lat' dir='ltr'><strong>post</strong></span> <span class='ocrx_word' id='word_1_109' title='bbox 367 1430 479 1490; x_wconf 84' lang='lat' dir='ltr'><strong>scholia</strong></span> <span class='ocrx_word' id='word_1_110' title='bbox 493 1430 610 1507; x_wconf 80' lang='lat' dir='ltr'><strong>prologi</strong></span> <span class='ocrx_word' id='word_1_111' title='bbox 625 1430 769 1507; x_wconf 85' lang='lat' dir='ltr'><strong>praelatio</strong></span> <span class='ocrx_word' id='word_1_112' title='bbox 783 1429 987 1505; x_wconf 83' lang='lat' dir='ltr'><strong>Adelphorum</strong></span> <span class='ocrx_word' id='word_1_113' title='bbox 1004 1430 1075 1489; x_wconf 91' lang='lat' dir='ltr'><strong>olim</strong></span> <span class='ocrx_word' id='word_1_114' title='bbox 1089 1428 1261 1506; x_wconf 86' lang='lat' dir='ltr'><strong>legebatur,</strong></span> <span class='ocrx_word' id='word_1_115' title='bbox 1281 1448 1340 1491; x_wconf 88' lang='lat' dir='ltr'><strong>uon</strong></span> 
     </span>
     <span class='ocr_line' id='line_1_14' title="bbox 196 1515 1339 1592; baseline 0.001 -17"><span class='ocrx_word' id='word_1_116' title='bbox 196 1518 274 1576; x_wconf 88' lang='lat' dir='ltr'><strong>sicut</strong></span> <span class='ocrx_word' id='word_1_117' title='bbox 289 1526 403 1575; x_wconf 87' lang='lat' dir='ltr'><strong>ceterae</strong></span> <span class='ocrx_word' id='word_1_118' title='bbox 419 1518 487 1573; x_wconf 89' lang='lat' dir='ltr'><strong>anie</strong></span> <span class='ocrx_word' id='word_1_119' title='bbox 502 1515 563 1574; x_wconf 92' lang='lat' dir='ltr'><strong>illa.</strong></span> <span class='ocrx_word' id='word_1_120' title='bbox 595 1515 674 1591; x_wconf 91' lang='lat' dir='ltr'><strong>quod</strong></span> <span class='ocrx_word' id='word_1_121' title='bbox 689 1515 799 1573; x_wconf 86' lang='lat' dir='ltr'><strong>lactum</strong></span> <span class='ocrx_word' id='word_1_122' title='bbox 817 1518 863 1573; x_wconf 90' lang='lat' dir='ltr'><strong>est</strong></span> <span class='ocrx_word' id='word_1_123' title='bbox 879 1534 914 1573; x_wconf 85' lang='lat' dir='ltr'><strong>ex</strong></span> <span class='ocrx_word' id='word_1_124' title='bbox 926 1532 1007 1575; x_wconf 89' lang='lat' dir='ltr'><strong>more</strong></span> <span class='ocrx_word' id='word_1_125' title='bbox 1018 1515 1146 1591; x_wconf 88' lang='lat' dir='ltr'><strong>quodam</strong></span> <span class='ocrx_word' id='word_1_126' title='bbox 1159 1516 1339 1592; x_wconf 83' lang='lat' dir='ltr'><strong>pervulgato</strong></span> 
     </span>
     <span class='ocr_line' id='line_1_15' title="bbox 196 1596 1338 1680; baseline 0.002 -22"><span class='ocrx_word' id='word_1_127' title='bbox 196 1597 297 1680; x_wconf 91' lang='lat' dir='ltr'><strong>(quem</strong></span> <span class='ocrx_word' id='word_1_128' title='bbox 311 1598 565 1675; x_wconf 88' lang='lat' dir='ltr'><strong>Umpfenbechius</strong></span> <span class='ocrx_word' id='word_1_129' title='bbox 580 1620 611 1676; x_wconf 95' lang='lat' dir='ltr'><strong>p.</strong></span> <span class='ocrx_word' id='word_1_130' title='bbox 624 1599 748 1658; x_wconf 84' lang='lat' dir='ltr'>LXXIX</span> <span class='ocrx_word' id='word_1_131' title='bbox 762 1596 908 1676; x_wconf 84' lang='lat' dir='ltr'><strong>neglexit)</strong></span> <span class='ocrx_word' id='word_1_132' title='bbox 925 1617 958 1658; x_wconf 90' lang='lat' dir='ltr'><strong>ac</strong></span> <span class='ocrx_word' id='word_1_133' title='bbox 969 1604 1129 1675; x_wconf 90' lang='lat' dir='ltr'><strong>propterea</strong></span> <span class='ocrx_word' id='word_1_134' title='bbox 1141 1600 1338 1672; x_wconf 86' lang='lat' dir='ltr'><strong>memorabili,</strong></span> 
     </span>
     <span class='ocr_line' id='line_1_16' title="bbox 196 1684 1338 1763; baseline -0.001 -19"><span class='ocrx_word' id='word_1_135' title='bbox 196 1687 266 1763; x_wconf 90' lang='lat' dir='ltr'><strong>quia</strong></span> <span class='ocrx_word' id='word_1_136' title='bbox 291 1685 362 1761; x_wconf 90' lang='lat' dir='ltr'><strong>quid</strong></span> <span class='ocrx_word' id='word_1_137' title='bbox 390 1685 427 1742; x_wconf 89' lang='lat' dir='ltr'><strong>de</strong></span> <span class='ocrx_word' id='word_1_138' title='bbox 453 1684 645 1761; x_wconf 88' lang='lat' dir='ltr'><strong>prologorum</strong></span> <span class='ocrx_word' id='word_1_139' title='bbox 671 1684 787 1744; x_wconf 87' lang='lat' dir='ltr'><strong>ratione</strong></span> <span class='ocrx_word' id='word_1_140' title='bbox 812 1685 939 1744; x_wconf 85' lang='lat' dir='ltr'><strong>senserit</strong></span> <span class='ocrx_word' id='word_1_141' title='bbox 965 1702 1069 1742; x_wconf 87' lang='lat' dir='ltr'><strong>aevum</strong></span> <span class='ocrx_word' id='word_1_142' title='bbox 1096 1687 1249 1760; x_wconf 89' lang='lat' dir='ltr'><strong>posterius</strong></span> <span class='ocrx_word' id='word_1_143' title='bbox 1272 1684 1338 1745; x_wconf 89' lang='lat' dir='ltr'><strong>inde</strong></span> 
     </span>
     <span class='ocr_line' id='line_1_17' title="bbox 196 1769 1336 1847; baseline -0.002 -17"><span class='ocrx_word' id='word_1_144' title='bbox 196 1769 395 1847; x_wconf 84' lang='lat' dir='ltr'><strong>cognoscitur.</strong></span> <span class='ocrx_word' id='word_1_145' title='bbox 424 1769 565 1827; x_wconf 90' lang='lat' dir='ltr'><strong>nimirum</strong></span> <span class='ocrx_word' id='word_1_146' title='bbox 588 1769 625 1827; x_wconf 87' lang='lat' dir='ltr'><strong>ab</strong></span> <span class='ocrx_word' id='word_1_147' title='bbox 646 1770 713 1843; x_wconf 91' lang='lat' dir='ltr'><strong>ipso</strong></span> <span class='ocrx_word' id='word_1_148' title='bbox 735 1786 857 1843; x_wconf 86' lang='lat' dir='ltr'><strong>corpore</strong></span> <span class='ocrx_word' id='word_1_149' title='bbox 877 1769 995 1829; x_wconf 86' lang='lat' dir='ltr'><strong>fabulae</strong></span> <span class='ocrx_word' id='word_1_150' title='bbox 1009 1769 1154 1847; x_wconf 84' lang='lat' dir='ltr'><strong>prologus</strong></span> <span class='ocrx_word' id='word_1_151' title='bbox 1169 1769 1245 1829; x_wconf 84' lang='lat' dir='ltr'><strong>adeo</strong></span> <span class='ocrx_word' id='word_1_152' title='bbox 1262 1769 1336 1829; x_wconf 84' lang='lat' dir='ltr'><strong>vide</strong></span> 
     </span>
     <span class='ocr_line' id='line_1_18' title="bbox 196 1852 1335 1929; baseline 0 -16"><span class='ocrx_word' id='word_1_153' title='bbox 196 1855 285 1913; x_wconf 90' lang='lat' dir='ltr'><strong>batur</strong></span> <span class='ocrx_word' id='word_1_154' title='bbox 301 1853 481 1928; x_wconf 88' lang='lat' dir='ltr'><strong>separandus</strong></span> <span class='ocrx_word' id='word_1_155' title='bbox 499 1872 577 1926; x_wconf 90' lang='lat' dir='ltr'><strong>esse,</strong></span> <span class='ocrx_word' id='word_1_156' title='bbox 595 1857 702 1913; x_wconf 91' lang='lat' dir='ltr'><strong>utnon</strong></span> <span class='ocrx_word' id='word_1_157' title='bbox 718 1853 806 1913; x_wconf 91' lang='lat' dir='ltr'><strong>modo</strong></span> <span class='ocrx_word' id='word_1_158' title='bbox 822 1856 998 1929; x_wconf 89' lang='lat' dir='ltr'><strong>argumenta</strong></span> <span class='ocrx_word' id='word_1_159' title='bbox 1011 1852 1098 1912; x_wconf 89' lang='lat' dir='ltr'><strong>illum</strong></span> <span class='ocrx_word' id='word_1_160' title='bbox 1112 1854 1194 1912; x_wconf 89' lang='lat' dir='ltr'><strong>inter</strong></span> <span class='ocrx_word' id='word_1_161' title='bbox 1210 1858 1241 1914; x_wconf 88' lang='lat' dir='ltr'><strong>et</strong></span> <span class='ocrx_word' id='word_1_162' title='bbox 1256 1853 1335 1914; x_wconf 84' lang='lat' dir='ltr'><strong>fabu-</strong></span> 
     </span>
     <span class='ocr_line' id='line_1_19' title="bbox 196 1937 1335 2016; baseline -0.002 -18"><span class='ocrx_word' id='word_1_163' title='bbox 196 1941 257 1999; x_wconf 90' lang='lat' dir='ltr'><strong>lam</strong></span> <span class='ocrx_word' id='word_1_164' title='bbox 284 1940 450 1998; x_wconf 87' lang='lat' dir='ltr'><strong>insererent</strong></span> <span class='ocrx_word' id='word_1_165' title='bbox 469 1939 520 1998; x_wconf 91' lang='lat' dir='ltr'><strong>sed</strong></span> <span class='ocrx_word' id='word_1_166' title='bbox 542 1941 629 1999; x_wconf 90' lang='lat' dir='ltr'><strong>etiam</strong></span> <span class='ocrx_word' id='word_1_167' title='bbox 653 1938 841 1997; x_wconf 87' lang='lat' dir='ltr'><strong>didascalies:</strong></span> <span class='ocrx_word' id='word_1_168' title='bbox 869 1938 940 2013; x_wconf 90' lang='lat' dir='ltr'><strong>quid</strong></span> <span class='ocrx_word' id='word_1_169' title='bbox 962 1938 1042 2014; x_wconf 91' lang='lat' dir='ltr'><strong>quod</strong></span> <span class='ocrx_word' id='word_1_170' title='bbox 1064 1937 1146 1997; x_wconf 84' lang='lat' dir='ltr'><strong>luero</strong></span> <span class='ocrx_word' id='word_1_171' title='bbox 1166 1939 1221 2016; x_wconf 88' lang='lat' dir='ltr'><strong>qui</strong></span> <span class='ocrx_word' id='word_1_172' title='bbox 1241 1957 1335 1998; x_wconf 87' lang='lat' dir='ltr'><strong>nona</strong></span> 
     </span>
     <span class='ocr_line' id='line_1_20' title="bbox 198 2020 1335 2099; baseline 0 -16"><span class='ocrx_word' id='word_1_173' title='bbox 198 2023 339 2083; x_wconf 84' lang='lat' dir='ltr'><strong>Terentio</strong></span> <span class='ocrx_word' id='word_1_174' title='bbox 356 2021 407 2082; x_wconf 88' lang='lat' dir='ltr'><strong>sed</strong></span> <span class='ocrx_word' id='word_1_175' title='bbox 422 2043 439 2080; x_wconf 91' lang='lat' dir='ltr'><strong>a</strong></span> <span class='ocrx_word' id='word_1_176' title='bbox 452 2022 596 2098; x_wconf 84' lang='lat' dir='ltr'><strong>Calliopio</strong></span> <span class='ocrx_word' id='word_1_177' title='bbox 612 2024 791 2099; x_wconf 88' lang='lat' dir='ltr'><strong>compositos</strong></span> <span class='ocrx_word' id='word_1_178' title='bbox 807 2041 872 2082; x_wconf 90' lang='lat' dir='ltr'><strong>esse</strong></span> <span class='ocrx_word' id='word_1_179' title='bbox 886 2026 1078 2082; x_wconf 84' lang='lat' dir='ltr'><strong>autumarent</strong></span> <span class='ocrx_word' id='word_1_180' title='bbox 1092 2023 1247 2099; x_wconf 86' lang='lat' dir='ltr'><strong>prologos.</strong></span> <span class='ocrx_word' id='word_1_181' title='bbox 1274 2020 1335 2083; x_wconf 86' lang='lat' dir='ltr'><strong>con·</strong></span> 
     </span>
     <span class='ocr_line' id='line_1_21' title="bbox 196 2107 1334 2191; baseline 0.004 -24"><span class='ocrx_word' id='word_1_182' title='bbox 196 2113 243 2167; x_wconf 91' lang='lat' dir='ltr'><strong>tra</strong></span> <span class='ocrx_word' id='word_1_183' title='bbox 257 2107 506 2191; x_wconf 31' lang='lat' dir='ltr'><strong>quosbscholiasta</strong></span> <span class='ocrx_word' id='word_1_184' title='bbox 516 2107 654 2167; x_wconf 88' lang='lat' dir='ltr'><strong>Halensis</strong></span> <span class='ocrx_word' id='word_1_185' title='bbox 669 2109 705 2167; x_wconf 90' lang='lat' dir='ltr'><strong>ad</strong></span> <span class='ocrx_word' id='word_1_186' title='bbox 718 2107 861 2167; x_wconf 84' lang='lat' dir='ltr'><strong>Prisciani</strong></span> <span class='ocrx_word' id='word_1_187' title='bbox 876 2107 1084 2179; x_wconf 83' lang='lat' dir='ltr'><strong>auctoritatem</strong></span> <span class='ocrx_word' id='word_1_188' title='bbox 1095 2109 1287 2183; x_wconf 82' lang='lat' dir='ltr'><strong>provocarit:</strong></span> <span class='ocrx_word' id='word_1_189' title='bbox 1303 2107 1334 2171; x_wconf 82' lang='lat' dir='ltr'><strong>ol.</strong></span> 
     </span>
     <span class='ocr_line' id='line_1_22' title="bbox 200 2191 1334 2270; baseline 0.003 -18"><span class='ocrx_word' id='word_1_190' title='bbox 200 2193 330 2252; x_wconf 86' lang='lat' dir='ltr'><strong>Terentii</strong></span> <span class='ocrx_word' id='word_1_191' title='bbox 350 2193 519 2268; x_wconf 82' lang='lat' dir='ltr'><strong>comoediae</strong></span> <span class='ocrx_word' id='word_1_192' title='bbox 535 2192 580 2255; x_wconf 86' lang='lat' dir='ltr'><strong>ad.</strong></span> <span class='ocrx_word' id='word_1_193' title='bbox 597 2192 694 2251; x_wconf 91' lang='lat' dir='ltr'><strong>Bruns</strong></span> <span class='ocrx_word' id='word_1_194' title='bbox 710 2212 741 2268; x_wconf 86' lang='lat' dir='ltr'><strong>p.</strong></span> <span class='ocrx_word' id='word_1_195' title='bbox 755 2194 782 2252; x_wconf 83' lang='lat'><strong>7.</strong></span> <span class='ocrx_word' id='word_1_196' title='bbox 813 2192 914 2268; x_wconf 89' lang='lat' dir='ltr'><strong>itaque</strong></span> <span class='ocrx_word' id='word_1_197' title='bbox 929 2191 1068 2267; x_wconf 88' lang='lat' dir='ltr'><strong>perioche</strong></span> <span class='ocrx_word' id='word_1_198' title='bbox 1083 2191 1210 2269; x_wconf 88' lang='lat' dir='ltr'><strong>Sulpicii</strong></span> <span class='ocrx_word' id='word_1_199' title='bbox 1226 2192 1334 2270; x_wconf 89' lang='lat' dir='ltr'><strong>Apolli·</strong></span> 
     </span>
     <span class='ocr_line' id='line_1_23' title="bbox 198 2276 1335 2353; baseline -0.002 -16"><span class='ocrx_word' id='word_1_200' title='bbox 198 2279 278 2338; x_wconf 89' lang='lat' dir='ltr'><strong>naris</strong></span> <span class='ocrx_word' id='word_1_201' title='bbox 299 2279 330 2336; x_wconf 91' lang='lat' dir='ltr'><strong>in</strong></span> <span class='ocrx_word' id='word_1_202' title='bbox 346 2277 539 2336; x_wconf 88' lang='lat' dir='ltr'><strong>Riccardiano</strong></span> <span class='ocrx_word' id='word_1_203' title='bbox 556 2276 689 2336; x_wconf 84' lang='lat' dir='ltr'><strong>Terentii</strong></span> <span class='ocrx_word' id='word_1_204' title='bbox 706 2277 816 2352; x_wconf 86' lang='lat' dir='ltr'><strong>excipit</strong></span> <span class='ocrx_word' id='word_1_205' title='bbox 830 2277 988 2353; x_wconf 87' lang='lat' dir='ltr'><strong>prologum</strong></span> <span class='ocrx_word' id='word_1_206' title='bbox 1004 2277 1335 2338; x_wconf 87' lang='lat' dir='ltr'><strong>Heautontimorumeni</strong></span> 
     </span>
     <span class='ocr_line' id='line_1_24' title="bbox 198 2357 1335 2442; baseline -0.003 -18"><span class='ocrx_word' id='word_1_207' title='bbox 198 2359 312 2442; x_wconf 79' lang='lat' dir='ltr'><strong>(Umpf.</strong></span> <span class='ocrx_word' id='word_1_208' title='bbox 335 2383 364 2438; x_wconf 89' lang='lat' dir='ltr'><strong>p.</strong></span> <span class='ocrx_word' id='word_1_209' title='bbox 381 2357 524 2442; x_wconf 80' lang='lat' dir='ltr'>XXXII),</span> <span class='ocrx_word' id='word_1_210' title='bbox 547 2363 576 2420; x_wconf 92' lang='lat' dir='ltr'><strong>in</strong></span> <span class='ocrx_word' id='word_1_211' title='bbox 591 2362 706 2420; x_wconf 90' lang='lat' dir='ltr'><strong>Andria</strong></span> <span class='ocrx_word' id='word_1_212' title='bbox 726 2365 937 2437; x_wconf 85' lang='lat' dir='ltr'><strong>argumentum</strong></span> <span class='ocrx_word' id='word_1_213' title='bbox 957 2361 1032 2438; x_wconf 89' lang='lat' dir='ltr'><strong>legit</strong></span> <span class='ocrx_word' id='word_1_214' title='bbox 1050 2364 1120 2438; x_wconf 86' lang='lat' dir='ltr'><strong>post</strong></span> <span class='ocrx_word' id='word_1_215' title='bbox 1140 2361 1301 2439; x_wconf 84' lang='lat' dir='ltr'><strong>prologum</strong></span> <span class='ocrx_word' id='word_1_216' title='bbox 1313 2362 1335 2421; x_wconf 88' lang='lat' dir='ltr'><strong>is</strong></span> 
     </span>
     <span class='ocr_line' id='line_1_25' title="bbox 199 2445 1335 2524; baseline 0 -19"><span class='ocrx_word' id='word_1_217' title='bbox 199 2449 249 2524; x_wconf 95' lang='lat' dir='ltr'><strong>qui</strong></span> <span class='ocrx_word' id='word_1_218' title='bbox 265 2448 375 2506; x_wconf 87' lang='lat' dir='ltr'><strong>Donati</strong></span> <span class='ocrx_word' id='word_1_219' title='bbox 387 2447 626 2506; x_wconf 88' lang='lat' dir='ltr'><strong>Lincolniensem</strong></span> <span class='ocrx_word' id='word_1_220' title='bbox 641 2445 836 2507; x_wconf 85' lang='lat' dir='ltr'><strong>Oxoniensem</strong></span> <span class='ocrx_word' id='word_1_221' title='bbox 854 2448 973 2522; x_wconf 84' lang='lat' dir='ltr'><strong>scripsit</strong></span> <span class='ocrx_word' id='word_1_222' title='bbox 989 2446 1035 2521; x_wconf 81' lang='lat' dir='ltr'><strong>vel</strong></span> <span class='ocrx_word' id='word_1_223' title='bbox 1050 2447 1102 2523; x_wconf 90' lang='lat' dir='ltr'><strong>qui</strong></span> <span class='ocrx_word' id='word_1_224' title='bbox 1117 2447 1335 2508; x_wconf 85' lang='lat' dir='ltr'><strong>adnotationem</strong></span> 
     </span>
     <span class='ocr_line' id='line_1_26' title="bbox 199 2531 1336 2608; baseline 0 -17"><span class='ocrx_word' id='word_1_225' title='bbox 199 2532 408 2591; x_wconf 86' lang='lat' dir='ltr'><strong>aDziatahone</strong></span> <span class='ocrx_word' id='word_1_226' title='bbox 424 2532 454 2589; x_wconf 90' lang='lat' dir='ltr'><strong>in</strong></span> <span class='ocrx_word' id='word_1_227' title='bbox 466 2532 567 2590; x_wconf 81' lang='lat' dir='ltr'><strong>Fleclr.</strong></span> <span class='ocrx_word' id='word_1_228' title='bbox 584 2551 652 2591; x_wconf 88' lang='lat' dir='ltr'><strong>ann.</strong></span> <span class='ocrx_word' id='word_1_229' title='bbox 669 2532 769 2608; x_wconf 91' lang='lat' dir='ltr'><strong>suppl.</strong></span> <span class='ocrx_word' id='word_1_230' title='bbox 780 2531 806 2590; x_wconf 95' lang='lat' dir='ltr'>X</span> <span class='ocrx_word' id='word_1_231' title='bbox 818 2551 846 2606; x_wconf 90' lang='lat' dir='ltr'><strong>p.</strong></span> <span class='ocrx_word' id='word_1_232' title='bbox 858 2532 918 2590; x_wconf 88' lang='grc'><strong>663</strong></span> <span class='ocrx_word' id='word_1_233' title='bbox 931 2532 1210 2608; x_wconf 62' lang='lat' dir='ltr'><strong>eenamcenam</strong></span> <span class='ocrx_word' id='word_1_234' title='bbox 1220 2532 1336 2592; x_wconf 82' lang='lat' dir='ltr'><strong>scholiis</strong></span> 
     </span>
     <span class='ocr_line' id='line_1_27' title="bbox 199 2614 1337 2688; baseline 0.002 -13"><span class='ocrx_word' id='word_1_235' title='bbox 199 2617 331 2688; x_wconf 87' lang='lat' dir='ltr'><strong>addidit,</strong></span> <span class='ocrx_word' id='word_1_236' title='bbox 352 2636 419 2674; x_wconf 89' lang='lat' dir='ltr'><strong>nam</strong></span> <span class='ocrx_word' id='word_1_237' title='bbox 440 2617 471 2674; x_wconf 90' lang='lat' dir='ltr'><strong>in</strong></span> <span class='ocrx_word' id='word_1_238' title='bbox 486 2616 692 2675; x_wconf 89' lang='lat' dir='ltr'><strong>Laurentianis</strong></span> <span class='ocrx_word' id='word_1_239' title='bbox 709 2617 759 2688; x_wconf 85' lang='lat'><strong>53,</strong></span> <span class='ocrx_word' id='word_1_240' title='bbox 776 2617 795 2674; x_wconf 92' lang='grc'>8</span> <span class='ocrx_word' id='word_1_241' title='bbox 812 2618 843 2674; x_wconf 92' lang='lat' dir='ltr'><strong>et</strong></span> <span class='ocrx_word' id='word_1_242' title='bbox 859 2617 876 2674; x_wconf 88' lang='lat'><strong>9</strong></span> <span class='ocrx_word' id='word_1_243' title='bbox 892 2618 975 2675; x_wconf 85' lang='lat' dir='ltr'><strong>extat</strong></span> <span class='ocrx_word' id='word_1_244' title='bbox 989 2617 1092 2676; x_wconf 88' lang='lat' dir='ltr'><strong>eadem</strong></span> <span class='ocrx_word' id='word_1_245' title='bbox 1107 2616 1145 2676; x_wconf 82' lang='lat' dir='ltr'><strong>of.</strong></span> <span class='ocrx_word' id='word_1_246' title='bbox 1159 2614 1337 2677; x_wconf 87' lang='lat' dir='ltr'><strong>Wessnerua</strong></span> 
     </span>
     <span class='ocr_line' id='line_1_28' title="bbox 200 2698 1338 2777; baseline 0.002 -17"><span class='ocrx_word' id='word_1_247' title='bbox 200 2703 230 2760; x_wconf 94' lang='lat' dir='ltr'><strong>in</strong></span> <span class='ocrx_word' id='word_1_248' title='bbox 252 2721 327 2760; x_wconf 90' lang='lat' dir='ltr'><strong>mus.</strong></span> <span class='ocrx_word' id='word_1_249' title='bbox 344 2701 439 2759; x_wconf 86' lang='lat' dir='ltr'><strong>Rhen.</strong></span> <span class='ocrx_word' id='word_1_250' title='bbox 454 2700 510 2759; x_wconf 92' lang='lat' dir='ltr'><strong>LII</strong></span> <span class='ocrx_word' id='word_1_251' title='bbox 532 2720 561 2776; x_wconf 91' lang='lat' dir='ltr'><strong>p.</strong></span> <span class='ocrx_word' id='word_1_252' title='bbox 579 2702 715 2760; x_wconf 72' lang='lat' dir='ltr'><strong>ete-91.</strong></span> <span class='ocrx_word' id='word_1_253' title='bbox 747 2701 853 2759; x_wconf 89' lang='lat' dir='ltr'><strong>deinde</strong></span> <span class='ocrx_word' id='word_1_254' title='bbox 868 2700 982 2758; x_wconf 85' lang='lat' dir='ltr'><strong>futilem</strong></span> <span class='ocrx_word' id='word_1_255' title='bbox 999 2701 1086 2760; x_wconf 89' lang='lat' dir='ltr'><strong>huius</strong></span> <span class='ocrx_word' id='word_1_256' title='bbox 1101 2700 1144 2759; x_wconf 92' lang='lat' dir='ltr'><strong>rei</strong></span> <span class='ocrx_word' id='word_1_257' title='bbox 1159 2698 1285 2777; x_wconf 87' lang='lat' dir='ltr'><strong>quidam</strong></span> <span class='ocrx_word' id='word_1_258' title='bbox 1299 2703 1338 2762; x_wconf 89' lang='lat' dir='ltr'><strong>in·</strong></span> 
     </span>
     <span class='ocr_line' id='line_1_29' title="bbox 199 2781 1336 2863; baseline 0.003 -19"><span class='ocrx_word' id='word_1_259' title='bbox 199 2787 282 2844; x_wconf 88' lang='lat' dir='ltr'><strong>venit</strong></span> <span class='ocrx_word' id='word_1_260' title='bbox 292 2788 436 2844; x_wconf 88' lang='lat' dir='ltr'><strong>rationem</strong></span> <span class='ocrx_word' id='word_1_261' title='bbox 449 2805 537 2861; x_wconf 89' lang='lat' dir='ltr'><strong>quam</strong></span> <span class='ocrx_word' id='word_1_262' title='bbox 546 2787 577 2843; x_wconf 92' lang='lat' dir='ltr'><strong>in</strong></span> <span class='ocrx_word' id='word_1_263' title='bbox 587 2785 784 2860; x_wconf 83' lang='lat' dir='ltr'><strong>‘expositione</strong></span> <span class='ocrx_word' id='word_1_264' title='bbox 795 2804 883 2861; x_wconf 91' lang='lat' dir='ltr'><strong>super</strong></span> <span class='ocrx_word' id='word_1_265' title='bbox 891 2784 1074 2843; x_wconf 89' lang='lat' dir='ltr'><strong>Terentium’</strong></span> <span class='ocrx_word' id='word_1_266' title='bbox 1082 2781 1174 2863; x_wconf 91' lang='lat' dir='ltr'><strong>(apud</strong></span> <span class='ocrx_word' id='word_1_267' title='bbox 1184 2786 1336 2847; x_wconf 82' lang='lat' dir='ltr'><strong>Schleeum</strong></span> 
     </span>
     <span class='ocr_line' id='line_1_30' title="bbox 199 2865 1338 2949; baseline 0.003 -19"><span class='ocrx_word' id='word_1_268' title='bbox 199 2871 299 2930; x_wconf 91' lang='lat' dir='ltr'><strong>scholl.</strong></span> <span class='ocrx_word' id='word_1_269' title='bbox 323 2870 441 2929; x_wconf 83' lang='lat' dir='ltr'><strong>Terent.</strong></span> <span class='ocrx_word' id='word_1_270' title='bbox 464 2890 492 2946; x_wconf 91' lang='lat' dir='ltr'><strong>p.</strong></span> <span class='ocrx_word' id='word_1_271' title='bbox 512 2873 580 2942; x_wconf 79' lang='lat'><strong>165,</strong></span> <span class='ocrx_word' id='word_1_272' title='bbox 598 2871 637 2929; x_wconf 77' lang='lat'><strong>29</strong></span> <span class='ocrx_word' id='word_1_273' title='bbox 654 2865 732 2949; x_wconf 90' lang='lat' dir='ltr'><strong>sqq.)</strong></span> <span class='ocrx_word' id='word_1_274' title='bbox 753 2871 817 2946; x_wconf 90' lang='lat' dir='ltr'><strong>ipse</strong></span> <span class='ocrx_word' id='word_1_275' title='bbox 840 2871 935 2945; x_wconf 91' lang='lat' dir='ltr'><strong>legas,</strong></span> <span class='ocrx_word' id='word_1_276' title='bbox 962 2870 1031 2946; x_wconf 89' lang='lat' dir='ltr'><strong>quia</strong></span> <span class='ocrx_word' id='word_1_277' title='bbox 1052 2869 1219 2930; x_wconf 87' lang='lat' dir='ltr'><strong>describere</strong></span> <span class='ocrx_word' id='word_1_278' title='bbox 1242 2875 1338 2932; x_wconf 84' lang='lat' dir='ltr'><strong>tautae</strong></span> 
     </span>
     <span class='ocr_line' id='line_1_31' title="bbox 199 2952 1336 3035; baseline 0.004 -22"><span class='ocrx_word' id='word_1_279' title='bbox 199 2955 328 3029; x_wconf 85' lang='lat' dir='ltr'><strong>ineptias</strong></span> <span class='ocrx_word' id='word_1_280' title='bbox 344 2974 390 3012; x_wconf 89' lang='lat' dir='ltr'><strong>me</strong></span> <span class='ocrx_word' id='word_1_281' title='bbox 406 2956 524 3013; x_wconf 87' lang='lat' dir='ltr'><strong>taedet:</strong></span> <span class='ocrx_word' id='word_1_282' title='bbox 541 2961 568 3015; x_wconf 85' lang='lat' dir='ltr'><strong>et</strong></span> <span class='ocrx_word' id='word_1_283' title='bbox 582 2955 652 3016; x_wconf 85' lang='lat' dir='ltr'><strong>laec</strong></span> <span class='ocrx_word' id='word_1_284' title='bbox 665 2961 706 3015; x_wconf 82' lang='lat' dir='ltr'><strong>est</strong></span> <span class='ocrx_word' id='word_1_285' title='bbox 719 2958 795 3015; x_wconf 85' lang='lat' dir='ltr'><strong>ratio</strong></span> <span class='ocrx_word' id='word_1_286' title='bbox 810 2956 910 3030; x_wconf 82' lang='lat' dir='ltr'><strong>inquii</strong></span> <span class='ocrx_word' id='word_1_287' title='bbox 924 2971 1015 3028; x_wconf 86' lang='lat' dir='ltr'><strong>quare</strong></span> <span class='ocrx_word' id='word_1_288' title='bbox 1024 2952 1093 3028; x_wconf 83' lang='lat' dir='ltr'><strong>poet</strong></span> <span class='ocrx_word' id='word_1_289' title='bbox 1103 2955 1239 3031; x_wconf 77' lang='lat' dir='ltr'><strong>prolapus</strong></span> <span class='ocrx_word' id='word_1_290' title='bbox 1253 2975 1336 3035; x_wconf 77' lang='lat' dir='ltr'><strong>argu</strong></span> 
     </span>
     <span class='ocr_line' id='line_1_32' title="bbox 199 3039 1338 3119; baseline 0.004 -21"><span class='ocrx_word' id='word_1_291' title='bbox 199 3044 298 3099; x_wconf 81' lang='lat' dir='ltr'><strong>euentu</strong></span> <span class='ocrx_word' id='word_1_292' title='bbox 316 3042 376 3098; x_wconf 84' lang='lat' dir='ltr'><strong>aiut</strong></span> <span class='ocrx_word' id='word_1_293' title='bbox 394 3041 546 3099; x_wconf 83' lang='lat' dir='ltr'><strong>scribenda</strong></span> <span class='ocrx_word' id='word_1_294' title='bbox 562 3045 588 3099; x_wconf 88' lang='lat' dir='ltr'><strong>ei</strong></span> <span class='ocrx_word' id='word_1_295' title='bbox 602 3042 734 3115; x_wconf 74' lang='lat' dir='ltr'><strong>legenda,</strong></span> <span class='ocrx_word' id='word_1_296' title='bbox 757 3040 794 3098; x_wconf 87' lang='lat' dir='ltr'><strong>cf.</strong></span> <span class='ocrx_word' id='word_1_297' title='bbox 810 3059 839 3114; x_wconf 91' lang='lat' dir='ltr'><strong>p.</strong></span> <span class='ocrx_word' id='word_1_298' title='bbox 861 3041 931 3112; x_wconf 88' lang='lat'><strong>168,</strong></span> <span class='ocrx_word' id='word_1_299' title='bbox 947 3039 977 3098; x_wconf 87' lang='lat'><strong>4.</strong></span> <span class='ocrx_word' id='word_1_300' title='bbox 1007 3040 1148 3099; x_wconf 90' lang='lat' dir='ltr'><strong>adnotato</strong></span> <span class='ocrx_word' id='word_1_301' title='bbox 1163 3040 1262 3117; x_wconf 87' lang='lat' dir='ltr'><strong>igitur</strong></span> <span class='ocrx_word' id='word_1_302' title='bbox 1275 3061 1338 3119; x_wconf 88' lang='lat' dir='ltr'><strong>pro·</strong></span> 
     </span>
     <span class='ocr_line' id='line_1_33' title="bbox 200 3123 1338 3200; baseline 0.002 -18"><span class='ocrx_word' id='word_1_303' title='bbox 200 3126 268 3199; x_wconf 90' lang='lat' dir='ltr'><strong>logo</strong></span> <span class='ocrx_word' id='word_1_304' title='bbox 282 3123 413 3182; x_wconf 88' lang='lat' dir='ltr'><strong>Andriae</strong></span> <span class='ocrx_word' id='word_1_305' title='bbox 430 3126 565 3198; x_wconf 90' lang='lat' dir='ltr'><strong>sequitur</strong></span> <span class='ocrx_word' id='word_1_306' title='bbox 580 3144 609 3200; x_wconf 93' lang='lat' dir='ltr'><strong>p.</strong></span> <span class='ocrx_word' id='word_1_307' title='bbox 626 3127 683 3182; x_wconf 80' lang='lat'><strong>171</strong></span> <span class='ocrx_word' id='word_1_308' title='bbox 700 3143 761 3182; x_wconf 87' lang='lat' dir='ltr'><strong>non</strong></span> <span class='ocrx_word' id='word_1_309' title='bbox 776 3124 863 3182; x_wconf 92' lang='lat' dir='ltr'><strong>modo</strong></span> <span class='ocrx_word' id='word_1_310' title='bbox 875 3127 1084 3198; x_wconf 82' lang='lat' dir='ltr'><strong>argumentum</strong></span> <span class='ocrx_word' id='word_1_311' title='bbox 1095 3124 1276 3200; x_wconf 88' lang='lat' dir='ltr'><strong>prosaicum,</strong></span> <span class='ocrx_word' id='word_1_312' title='bbox 1291 3126 1338 3186; x_wconf 87' lang='lat' dir='ltr'><strong>aad</strong></span> 
     </span>
     <span class='ocr_line' id='line_1_34' title="bbox 202 3207 1340 3286; baseline 0.004 -19"><span class='ocrx_word' id='word_1_313' title='bbox 202 3211 293 3267; x_wconf 88' lang='lat' dir='ltr'><strong>etiam</strong></span> <span class='ocrx_word' id='word_1_314' title='bbox 315 3209 467 3267; x_wconf 89' lang='lat' dir='ltr'><strong>borridum</strong></span> <span class='ocrx_word' id='word_1_315' title='bbox 489 3209 526 3267; x_wconf 90' lang='lat' dir='ltr'><strong>de</strong></span> <span class='ocrx_word' id='word_1_316' title='bbox 547 3210 663 3268; x_wconf 90' lang='lat' dir='ltr'><strong>actibus</strong></span> <span class='ocrx_word' id='word_1_317' title='bbox 685 3209 803 3267; x_wconf 89' lang='lat' dir='ltr'><strong>fabulae</strong></span> <span class='ocrx_word' id='word_1_318' title='bbox 825 3207 1066 3281; x_wconf 85' lang='lat' dir='ltr'><strong>deliramentum,</strong></span> <span class='ocrx_word' id='word_1_319' title='bbox 1093 3212 1268 3286; x_wconf 86' lang='lat' dir='ltr'><strong>excerptum</strong></span> <span class='ocrx_word' id='word_1_320' title='bbox 1288 3211 1340 3271; x_wconf 87' lang='lat' dir='ltr'><strong>hoe</strong></span> 
     </span>
     <span class='ocr_line' id='line_1_35' title="bbox 201 3290 1340 3379; baseline 0.004 -28"><span class='ocrx_word' id='word_1_321' title='bbox 201 3292 245 3370; x_wconf 80' lang='lat' dir='ltr'><strong>(id</strong></span> <span class='ocrx_word' id='word_1_322' title='bbox 257 3293 348 3369; x_wconf 61' lang='lat' dir='ltr'><strong>’quod</strong></span> <span class='ocrx_word' id='word_1_323' title='bbox 364 3290 535 3351; x_wconf 86' lang='lat' dir='ltr'><strong>Sabbadinii</strong></span> <span class='ocrx_word' id='word_1_324' title='bbox 557 3312 645 3353; x_wconf 89' lang='lat' dir='ltr'><strong>causa</strong></span> <span class='ocrx_word' id='word_1_325' title='bbox 665 3312 783 3365; x_wconf 90' lang='lat' dir='ltr'><strong>moneo,</strong></span> <span class='ocrx_word' id='word_1_326' title='bbox 807 3293 844 3352; x_wconf 86' lang='lat' dir='ltr'><strong>ef.</strong></span> <span class='ocrx_word' id='word_1_327' title='bbox 866 3290 1048 3360; x_wconf 72' lang='lat' dir='ltr'><strong>studetur.</strong></span> <span class='ocrx_word' id='word_1_328' title='bbox 1068 3293 1100 3353; x_wconf 91' lang='lat' dir='ltr'><strong>II</strong></span> <span class='ocrx_word' id='word_1_329' title='bbox 1120 3295 1208 3369; x_wconf 69' lang='lat' dir='ltr'><strong>p.&#39;3l</strong></span> <span class='ocrx_word' id='word_1_330' title='bbox 1224 3291 1289 3379; x_wconf 86' lang='lat' dir='ltr'><strong>aq.)</strong></span> <span class='ocrx_word' id='word_1_331' title='bbox 1307 3315 1340 3357; x_wconf 87' lang='lat' dir='ltr'><strong>ex</strong></span> 
     </span>
     <span class='ocr_line' id='line_1_36' title="bbox 200 3377 1340 3456; baseline 0.004 -20"><span class='ocrx_word' id='word_1_332' title='bbox 200 3379 334 3438; x_wconf 88' lang='lat' dir='ltr'><strong>Donatea</strong></span> <span class='ocrx_word' id='word_1_333' title='bbox 362 3378 545 3452; x_wconf 86' lang='lat' dir='ltr'><strong>praelatione</strong></span> <span class='ocrx_word' id='word_1_334' title='bbox 573 3397 599 3453; x_wconf 88' lang='lat' dir='ltr'><strong>p.</strong></span> <span class='ocrx_word' id='word_1_335' title='bbox 617 3381 647 3455; x_wconf 88' lang='lat'><strong>3,</strong></span> <span class='ocrx_word' id='word_1_336' title='bbox 665 3380 684 3435; x_wconf 84' lang='lat'>4</span> <span class='ocrx_word' id='word_1_337' title='bbox 700 3397 742 3454; x_wconf 89' lang='lat' dir='ltr'><strong>sq.</strong></span> <span class='ocrx_word' id='word_1_338' title='bbox 764 3377 850 3435; x_wconf 88' lang='lat' dir='ltr'><strong>Reiff.</strong></span> <span class='ocrx_word' id='word_1_339' title='bbox 888 3377 1062 3437; x_wconf 88' lang='lat' dir='ltr'><strong>didascaliae</strong></span> <span class='ocrx_word' id='word_1_340' title='bbox 1087 3397 1156 3439; x_wconf 88' lang='lat' dir='ltr'><strong>vero</strong></span> <span class='ocrx_word' id='word_1_341' title='bbox 1171 3384 1340 3456; x_wconf 86' lang='lat' dir='ltr'><strong>sequuntur</strong></span> 
     </span>
     <span class='ocr_line' id='line_1_37' title="bbox 202 3462 1339 3540; baseline 0.004 -19"><span class='ocrx_word' id='word_1_342' title='bbox 202 3464 342 3540; x_wconf 88' lang='lat' dir='ltr'><strong>prologos</strong></span> <span class='ocrx_word' id='word_1_343' title='bbox 356 3465 387 3522; x_wconf 89' lang='lat' dir='ltr'><strong>in</strong></span> <span class='ocrx_word' id='word_1_344' title='bbox 403 3464 486 3522; x_wconf 88' lang='lat' dir='ltr'><strong>libris</strong></span> <span class='ocrx_word' id='word_1_345' title='bbox 499 3463 631 3522; x_wconf 87' lang='lat' dir='ltr'><strong>Terentii</strong></span> <span class='ocrx_word' id='word_1_346' title='bbox 646 3462 721 3522; x_wconf 84' lang='lat' dir='ltr'><strong>DG:</strong></span> <span class='ocrx_word' id='word_1_347' title='bbox 738 3468 827 3539; x_wconf 89' lang='lat' dir='ltr'><strong>atque</strong></span> <span class='ocrx_word' id='word_1_348' title='bbox 843 3463 873 3520; x_wconf 91' lang='lat' dir='ltr'><strong>in</strong></span> <span class='ocrx_word' id='word_1_349' title='bbox 889 3462 990 3522; x_wconf 89' lang='lat' dir='ltr'><strong>codice</strong></span> <span class='ocrx_word' id='word_1_350' title='bbox 1002 3462 1126 3523; x_wconf 88' lang='lat' dir='ltr'><strong>Halensi</strong></span> <span class='ocrx_word' id='word_1_351' title='bbox 1136 3463 1261 3525; x_wconf 86' lang='lat' dir='ltr'><strong>Brunsii</strong></span> <span class='ocrx_word' id='word_1_352' title='bbox 1275 3485 1339 3526; x_wconf 88' lang='lat' dir='ltr'><strong>cum</strong></span> 
     </span>
     <span class='ocr_line' id='line_1_38' title="bbox 200 3548 1384 3627; baseline 0.005 -22"><span class='ocrx_word' id='word_1_353' title='bbox 200 3549 338 3606; x_wconf 85' lang='lat' dir='ltr'><strong>Eunuchi</strong></span> <span class='ocrx_word' id='word_1_354' title='bbox 358 3549 465 3607; x_wconf 89' lang='lat' dir='ltr'><strong>titulus</strong></span> <span class='ocrx_word' id='word_1_355' title='bbox 487 3549 567 3606; x_wconf 90' lang='lat' dir='ltr'><strong>inter</strong></span> <span class='ocrx_word' id='word_1_356' title='bbox 588 3548 745 3624; x_wconf 91' lang='lat' dir='ltr'><strong>prologum</strong></span> <span class='ocrx_word' id='word_1_357' title='bbox 766 3552 796 3606; x_wconf 90' lang='lat' dir='ltr'><strong>et</strong></span> <span class='ocrx_word' id='word_1_358' title='bbox 819 3549 914 3622; x_wconf 87' lang='lat' dir='ltr'><strong>ipsam</strong></span> <span class='ocrx_word' id='word_1_359' title='bbox 933 3548 1064 3607; x_wconf 83' lang='lat' dir='ltr'><strong>fabulam</strong></span> <span class='ocrx_word' id='word_1_360' title='bbox 1080 3549 1279 3624; x_wconf 87' lang='lat' dir='ltr'><strong>interpositus</strong></span> <span class='ocrx_word' id='word_1_361' title='bbox 1293 3552 1339 3627; x_wconf 90' lang='lat' dir='ltr'><strong>sit,</strong></span> <span class='ocrx_word' id='word_1_362' title='bbox 1383 3551 1384 3556; x_wconf 71' lang='grc'>’</span> 
     </span>
     <span class='ocr_line' id='line_1_39' title="bbox 201 3632 1340 3710; baseline 0.004 -19"><span class='ocrx_word' id='word_1_363' title='bbox 201 3633 360 3691; x_wconf 87' lang='lat' dir='ltr'><strong>scholiasta</strong></span> <span class='ocrx_word' id='word_1_364' title='bbox 375 3652 458 3692; x_wconf 86' lang='lat' dir='ltr'><strong>suam</strong></span> <span class='ocrx_word' id='word_1_365' title='bbox 473 3633 686 3708; x_wconf 89' lang='lat' dir='ltr'><strong>praefationem</strong></span> <span class='ocrx_word' id='word_1_366' title='bbox 703 3632 885 3710; x_wconf 87' lang='lat' dir='ltr'><strong>comoediae,</strong></span> <span class='ocrx_word' id='word_1_367' title='bbox 900 3651 959 3709; x_wconf 87' lang='lat' dir='ltr'><strong>qua</strong></span> <span class='ocrx_word' id='word_1_368' title='bbox 974 3633 1139 3710; x_wconf 88' lang='lat' dir='ltr'><strong>loquaciter</strong></span> <span class='ocrx_word' id='word_1_369' title='bbox 1153 3633 1279 3694; x_wconf 89' lang='lat' dir='ltr'><strong>titulum</strong></span> <span class='ocrx_word' id='word_1_370' title='bbox 1294 3654 1340 3696; x_wconf 87' lang='lat' dir='ltr'><strong>ex·</strong></span> 
     </span>
     <span class='ocr_line' id='line_1_40' title="bbox 201 3717 1342 3793; baseline 0.006 -19"><span class='ocrx_word' id='word_1_371' title='bbox 201 3719 292 3793; x_wconf 90' lang='lat' dir='ltr'><strong>plicat</strong></span> <span class='ocrx_word' id='word_1_372' title='bbox 314 3721 345 3776; x_wconf 88' lang='lat' dir='ltr'><strong>et</strong></span> <span class='ocrx_word' id='word_1_373' title='bbox 365 3722 572 3793; x_wconf 89' lang='lat' dir='ltr'><strong>argumentum</strong></span> <span class='ocrx_word' id='word_1_374' title='bbox 592 3721 709 3792; x_wconf 84' lang='lat' dir='ltr'><strong>narrat,</strong></span> <span class='ocrx_word' id='word_1_375' title='bbox 733 3717 858 3775; x_wconf 89' lang='lat' dir='ltr'><strong>eundem</strong></span> <span class='ocrx_word' id='word_1_376' title='bbox 874 3717 973 3776; x_wconf 87' lang='lat' dir='ltr'><strong>locum</strong></span> <span class='ocrx_word' id='word_1_377' title='bbox 988 3718 1124 3777; x_wconf 90' lang='lat' dir='ltr'><strong>obtinere</strong></span> <span class='ocrx_word' id='word_1_378' title='bbox 1139 3717 1246 3780; x_wconf 87' lang='lat' dir='ltr'><strong>voluit.</strong></span> <span class='ocrx_word' id='word_1_379' title='bbox 1276 3719 1342 3780; x_wconf 88' lang='lat' dir='ltr'><strong>huic</strong></span> 
     </span>
     <span class='ocr_line' id='line_1_41' title="bbox 202 3802 1341 3879; baseline 0.004 -18"><span class='ocrx_word' id='word_1_380' title='bbox 202 3803 296 3878; x_wconf 88' lang='lat' dir='ltr'><strong>igitur</strong></span> <span class='ocrx_word' id='word_1_381' title='bbox 312 3802 461 3860; x_wconf 89' lang='lat' dir='ltr'><strong>simillime</strong></span> <span class='ocrx_word' id='word_1_382' title='bbox 477 3805 539 3878; x_wconf 86' lang='lat' dir='ltr'><strong>egit</strong></span> <span class='ocrx_word' id='word_1_383' title='bbox 555 3804 606 3879; x_wconf 91' lang='lat' dir='ltr'><strong>qui</strong></span> <span class='ocrx_word' id='word_1_384' title='bbox 622 3803 788 3862; x_wconf 89' lang='lat' dir='ltr'><strong>Donateam</strong></span> <span class='ocrx_word' id='word_1_385' title='bbox 805 3803 1016 3877; x_wconf 87' lang='lat' dir='ltr'><strong>praefationem</strong></span> <span class='ocrx_word' id='word_1_386' title='bbox 1034 3802 1341 3878; x_wconf 87' lang='lat' dir='ltr'><strong>Adelphorum&#39;iuitio</strong></span> 
     </span>
     <span class='ocr_line' id='line_1_42' title="bbox 202 3886 1343 3963; baseline 0.005 -18"><span class='ocrx_word' id='word_1_387' title='bbox 202 3889 314 3961; x_wconf 87' lang='lat' dir='ltr'><strong>primae</strong></span> <span class='ocrx_word' id='word_1_388' title='bbox 341 3887 371 3944; x_wconf 92' lang='lat' dir='ltr'><strong>in</strong></span> <span class='ocrx_word' id='word_1_389' title='bbox 398 3886 498 3944; x_wconf 90' lang='lat' dir='ltr'><strong>fabula</strong></span> <span class='ocrx_word' id='word_1_390' title='bbox 525 3905 646 3946; x_wconf 89' lang='lat' dir='ltr'><strong>scaenae</strong></span> <span class='ocrx_word' id='word_1_391' title='bbox 668 3887 850 3946; x_wconf 89' lang='lat' dir='ltr'><strong>interseruit.</strong></span> <span class='ocrx_word' id='word_1_392' title='bbox 887 3906 983 3963; x_wconf 90' lang='lat' dir='ltr'><strong>neque</strong></span> <span class='ocrx_word' id='word_1_393' title='bbox 1004 3887 1278 3949; x_wconf 78' lang='lat' dir='ltr'><strong>omniuoalienum</strong></span> <span class='ocrx_word' id='word_1_394' title='bbox 1298 3895 1343 3951; x_wconf 87' lang='lat' dir='ltr'><strong>eat</strong></span> 
     </span>
     <span class='ocr_line' id='line_1_43' title="bbox 200 3970 1343 4048; baseline 0.004 -19"><span class='ocrx_word' id='word_1_395' title='bbox 200 3972 280 4047; x_wconf 92' lang='lat' dir='ltr'><strong>quod</strong></span> <span class='ocrx_word' id='word_1_396' title='bbox 302 3973 332 4030; x_wconf 91' lang='lat' dir='ltr'><strong>in</strong></span> <span class='ocrx_word' id='word_1_397' title='bbox 348 3970 513 4029; x_wconf 89' lang='lat' dir='ltr'><strong>Basilicano</strong></span> <span class='ocrx_word' id='word_1_398' title='bbox 529 3972 692 4047; x_wconf 78' lang='lat' dir='ltr'><strong>Ilugraphii</strong></span> <span class='ocrx_word' id='word_1_399' title='bbox 712 3976 878 4031; x_wconf 89' lang='lat' dir='ltr'><strong>commenta</strong></span> <span class='ocrx_word' id='word_1_400' title='bbox 900 3972 930 4030; x_wconf 93' lang='lat' dir='ltr'><strong>in</strong></span> <span class='ocrx_word' id='word_1_401' title='bbox 952 3972 1092 4048; x_wconf 90' lang='lat' dir='ltr'><strong>prologos</strong></span> <span class='ocrx_word' id='word_1_402' title='bbox 1111 3991 1131 4031; x_wconf 88' lang='lat' dir='ltr'><strong>a</strong></span> <span class='ocrx_word' id='word_1_403' title='bbox 1150 3973 1211 4032; x_wconf 88' lang='lat' dir='ltr'><strong>suis</strong></span> <span class='ocrx_word' id='word_1_404' title='bbox 1233 3975 1343 4034; x_wconf 88' lang='lat' dir='ltr'><strong>fabulis</strong></span> 
     </span>
     <span class='ocr_line' id='line_1_44' title="bbox 202 4057 1343 4131; baseline 0.005 -17"><span class='ocrx_word' id='word_1_405' title='bbox 202 4057 289 4131; x_wconf 91' lang='lat' dir='ltr'><strong>plane</strong></span> <span class='ocrx_word' id='word_1_406' title='bbox 312 4057 460 4131; x_wconf 88' lang='lat' dir='ltr'><strong>dirempta</strong></span> <span class='ocrx_word' id='word_1_407' title='bbox 481 4060 510 4114; x_wconf 89' lang='lat' dir='ltr'><strong>et</strong></span> <span class='ocrx_word' id='word_1_408' title='bbox 531 4057 630 4114; x_wconf 89' lang='lat' dir='ltr'><strong>omnia</strong></span> <span class='ocrx_word' id='word_1_409' title='bbox 645 4060 744 4113; x_wconf 87' lang='lat' dir='ltr'><strong>coacta</strong></span> <span class='ocrx_word' id='word_1_410' title='bbox 760 4061 829 4114; x_wconf 90' lang='lat' dir='ltr'><strong>sunt</strong></span> <span class='ocrx_word' id='word_1_411' title='bbox 844 4057 931 4115; x_wconf 90' lang='lat' dir='ltr'><strong>initio</strong></span> <span class='ocrx_word' id='word_1_412' title='bbox 947 4060 1039 4116; x_wconf 91' lang='lat' dir='ltr'><strong>totius</strong></span> <span class='ocrx_word' id='word_1_413' title='bbox 1054 4059 1264 4118; x_wconf 81' lang='lat' dir='ltr'><strong>commentarii.</strong></span> <span class='ocrx_word' id='word_1_414' title='bbox 1276 4060 1343 4120; x_wconf 85' lang='lat' dir='ltr'><strong>sub·</strong></span> 
     </span>
     <span class='ocr_line' id='line_1_45' title="bbox 203 4140 1343 4220; baseline 0.006 -20"><span class='ocrx_word' id='word_1_415' title='bbox 203 4141 320 4216; x_wconf 89' lang='lat' dir='ltr'><strong>scriptis</strong></span> <span class='ocrx_word' id='word_1_416' title='bbox 341 4145 409 4217; x_wconf 90' lang='lat' dir='ltr'><strong>post</strong></span> <span class='ocrx_word' id='word_1_417' title='bbox 428 4141 583 4217; x_wconf 92' lang='lat' dir='ltr'><strong>prologum</strong></span> <span class='ocrx_word' id='word_1_418' title='bbox 600 4140 787 4198; x_wconf 89' lang='lat' dir='ltr'><strong>Phormionis</strong></span> <span class='ocrx_word' id='word_1_419' title='bbox 805 4142 902 4200; x_wconf 90' lang='lat' dir='ltr'><strong>verbis</strong></span> <span class='ocrx_word' id='word_1_420' title='bbox 917 4141 1012 4201; x_wconf 91' lang='lat' dir='ltr'><strong>bisce:</strong></span> <span class='ocrx_word' id='word_1_421' title='bbox 1034 4143 1190 4216; x_wconf 77' lang='lat' dir='ltr'><strong>aepliciunt</strong></span> <span class='ocrx_word' id='word_1_422' title='bbox 1203 4146 1343 4220; x_wconf 70' lang='lat' dir='ltr'><strong>centana</strong></span> 
     </span>
     <span class='ocr_line' id='line_1_46' title="bbox 202 4227 1343 4308; baseline 0.006 -25"><span class='ocrx_word' id='word_1_423' title='bbox 202 4228 294 4284; x_wconf 82' lang='lat' dir='ltr'><strong>tiones</strong></span> <span class='ocrx_word' id='word_1_424' title='bbox 305 4228 496 4301; x_wconf 79' lang='lat' dir='ltr'><strong>proloporuru.</strong></span> <span class='ocrx_word' id='word_1_425' title='bbox 526 4227 627 4299; x_wconf 83' lang='lat' dir='ltr'><strong>iuciplt</strong></span> <span class='ocrx_word' id='word_1_426' title='bbox 643 4231 833 4285; x_wconf 73' lang='lat' dir='ltr'><strong>renunculum</strong></span> <span class='ocrx_word' id='word_1_427' title='bbox 845 4227 980 4302; x_wconf 73' lang='lat' dir='ltr'><strong>Eopradi</strong></span> <span class='ocrx_word' id='word_1_428' title='bbox 994 4229 1026 4285; x_wconf 86' lang='lat' dir='ltr'><strong>in</strong></span> <span class='ocrx_word' id='word_1_429' title='bbox 1037 4227 1166 4301; x_wconf 83' lang='lat' dir='ltr'><strong>Andria,</strong></span> <span class='ocrx_word' id='word_1_430' title='bbox 1183 4227 1224 4288; x_wconf 87' lang='lat' dir='ltr'><strong>cf.</strong></span> <span class='ocrx_word' id='word_1_431' title='bbox 1241 4228 1343 4308; x_wconf 87' lang='lat' dir='ltr'><strong>Umpl.</strong></span> 
     </span>
    </p>
   </div>
   <div class='ocr_carea' id='block_1_4' title="bbox 0 0 1399 4830">
    <p class='ocr_par' dir='ltr' id='par_1_5' title="bbox 0 0 1399 4830">
     <span class='ocr_line' id='line_1_47' title="bbox 0 0 1399 4830; baseline 0 0"><span class='ocrx_word' id='word_1_432' title='bbox 0 0 1399 4830; x_wconf 95' lang='lat' dir='ltr'><strong> </strong></span> 
     </span>
    </p>
   </div>
  </div>
 </body>
</html>
