2768 4830
120 319 288 380 PRabbow:
299 321 333 376 de
340 320 445 377 Donati
456 323 613 378 commento
625 320 655 377 in
663 319 825 377 Terentium
837 338 911 392 epac.
920 319 1149 378 observationum
1159 321 1181 378 I.
1202 314 1265 381 331

124 488 330 565 Adelphorum
342 493 372 548 et
382 489 534 565 Eunuchi3
551 489 587 548 de
599 489 939 550 Heautontimorumeno
952 490 1110 549 nescimus.
1131 490 1162 548 in
1174 490 1267 550 altero

120 575 240 634 numeri
260 571 429 634 didascalici
451 575 618 634 conservati
639 573 761 633 fuerunt
780 574 832 651 qui
852 575 884 634 in
904 574 989 633 libris
1014 575 1158 635 extabant
1172 580 1202 633 et
1218 593 1265 633 ex·

126 661 212 717 tant:
227 657 243 716 I
258 658 372 717 Andria
387 655 430 736 (Π
446 659 609 718 Eunuchus
624 658 670 717 111
686 656 1055 738 Heautontimorumenos)
1070 657 1113 717 IV
1129 657 1268 719 Phormio

124 742 154 799 V
170 742 288 819 Hecyra
308 742 364 817 (VI
378 738 560 822 Adelphoe)3
582 744 614 803 in
636 743 728 802 altero
748 763 783 802 ax
800 744 1001 820 Adelphorum
1024 744 1212 820 promotione
1227 745 1269 803 ita

119 827 334 908 decurrerunt:
355 825 384 906 (I
402 824 530 908 Andria)
553 827 583 887 II
599 827 752 905 Adelphos
773 827 819 887 III
834 829 994 889 Eunuchus
1017 823 1076 910 (IV
1090 828 1268 888 Heautonti-

121 930 313 972 morumenos
329 911 355 969 V
371 912 513 973 Phormio
529 911 573 971 VI
588 912 730 990 Hecyra).

210 995 447 1074 Explicavimus,
480 1016 539 1057 non
570 997 851 1058 demonstravimus
892 1003 992 1058 tamen
1022 997 1182 1073 explicatio
1207 998 1266 1057 ista

120 1081 205 1140 haud
226 1082 287 1150 scio
309 1100 348 1142 au
369 1083 413 1141 rei
433 1085 504 1158 apta
525 1083 565 1141 sit
585 1083 680 1142 unice.
714 1082 883 1142 addendum
903 1086 1002 1141 autem
1017 1100 1109 1141 uuum
1123 1088 1179 1142 est.
1208 1100 1267 1159 quo

116 1166 230 1226 ‘ordine
245 1184 386 1227 numeros
401 1167 593 1227 didascalicos
606 1167 639 1226 in
654 1167 747 1245 altera
762 1169 934 1227 recensione
949 1169 1128 1243 processisse
1144 1167 1266 1238 conieci,

117 1269 160 1310 eo
177 1253 282 1328 quarta
297 1251 357 1312 luit
371 1252 732 1313 Heautontimorumenos,
756 1271 789 1312 ac
804 1252 863 1313 fuit
878 1253 950 1312 olim
965 1253 997 1311 in
1012 1252 1180 1312 didascaliis
1193 1252 1267 1312 ordo
1380 1263 1382 1267 ’

116 1335 295 1395 fabularum
321 1355 381 1413 quo
407 1337 459 1396 illa
487 1340 592 1413 quarta
617 1343 830 1396 numeraretur.
866 1338 922 1397 hoc
947 1338 1024 1395 euim
1047 1340 1174 1397 testatur
1198 1335 1267 1397 Vic-

121 1420 262 1480 torianus
283 1419 336 1480 ubi
356 1421 387 1480 in
408 1422 568 1481 didascalia
586 1420 916 1481 Heautontimorumeni
936 1422 1008 1481 haec
1028 1425 1114 1480 eunt:
1137 1427 1267 1478 FACTA.

122 1509 204 1562 ΝΜ.
230 1511 334 1562 IVNIO
349 1506 369 1565 i.
385 1525 411 1566 e.
427 1507 506 1566 lacta
520 1505 563 1565 IV
580 1506 620 1564 M.
636 1504 737 1579 Iunio,
753 1507 789 1566 cf.
806 1526 882 1566 mus.
898 1506 992 1565 Ithen.
1007 1505 1134 1566 XXXIX
1148 1525 1179 1581 p.
1195 1506 1268 1565 343.

119 1589 208 1665 quod
227 1608 298 1650 vero
313 1590 456 1651 Dziatzlro
473 1591 645 1650 dubitanter
660 1592 825 1667 suspicatus
841 1597 886 1651 est
901 1591 937 1649 ad
953 1594 1120 1651 commenta
1135 1590 1270 1650 Donatca

122 1674 205 1734 hunc
218 1693 374 1735 numerum
390 1677 539 1752 pertinere
554 1694 733 1757 quamquam
749 1676 780 1735 id
795 1674 997 1736 demonstrare
1012 1694 1145 1752 nequeo,
1168 1678 1269 1752 tamen

120 1759 222 1834 ipsam
237 1779 301 1819 ram
317 1760 435 1820 silentio
450 1761 688 1837 praetermittere
702 1760 794 1821 nolui.

210 1843 270 1903 Sed
297 1846 368 1920 quia
394 1844 454 1905 Leo
481 1864 547 1905 cum
573 1846 605 1905 in
628 1864 772 1905 numeros
795 1845 990 1905 didascalicos
1014 1845 1181 1921 inquireret
1204 1862 1269 1903 earn

118 1929 334 2004 quaestionem
363 1931 474 2002 morit,
504 1941 562 2006 quo
591 1928 696 1991 ordina
724 1931 861 1990 Donatus
889 1930 1075 2007 sing'ularum
1102 1933 1270 1989 commenta

118 2012 296 2072 tabularum
309 2014 490 2091 digessisset,
500 2034 622 2090 eamque
635 2016 724 2074 etlam
735 2015 878 2074 Daiatalro
890 2014 994 2091 tetigit
1004 2013 1076 2073 edit.
1087 2011 1269 2092 Phormion-²

119 2117 153 2174 p.
168 2099 206 2156 13
222 2099 292 2157 adn.
304 2100 333 2172 2,
351 2099 483 2158 breviter
497 2100 647 2159 conferam
663 2119 738 2176 quae
753 2103 893 2176 prompta
908 2103 982 2164 sunt¹
994 2098 1181 2159 testimonia:
1198 2117 1267 2159 nem

116 2189 197 2258 post
208 2181 422 2241 Sabbadinium
439 2184 493 2242 hac
508 2184 543 2245 de
557 2203 590 2243 re
604 2185 694 2259 paulo
709 2186 820 2244 rectius
835 2185 965 2245 iudicare
979 2184 1059 2242 licet.
1083 2201 1148 2242 cum
1167 2201 1268 2243 ornnes

120 2266 194 2325 libri
209 2266 336 2326 Donatei
354 2269 391 2327 ad
412 2269 651 2345 compilationem
671 2269 797 2329 duorum
821 2269 1101 2330 commentariorum
1117 2286 1206 2327 uuam
1222 2287 1267 2326 re·

120 2351 227 2421 deant,
243 2370 277 2410 ex
293 2353 329 2411 iia
345 2353 419 2435 nihil
435 2353 571 2412 elicimus
584 2354 642 2414 nisi
658 2355 709 2430 qui
725 2355 815 2414 fuerit
830 2356 901 2413 ordo
918 2357 1154 2413 commentorum
1168 2354 1200 2412 iu
1215 2352 1267 2412 illa

119 2436 347 2511 compilatione.
377 2441 467 2513 atque
487 2438 513 2497 is
534 2439 653 2513 quidem
674 2443 791 2498 constet
812 2440 860 2499 vel
876 2457 970 2513 paene
985 2443 1112 2497 constat.
1142 2443 1173 2496 et
1187 2438 1268 2497 enim

125 2521 303 2597 compilator
319 2540 384 2581 cum
402 2541 454 2597 per
468 2531 611 2600 quattuor
626 2523 741 2582 fabulas
757 2525 788 2582 id
804 2525 915 2600 egisset
929 2522 1033 2582 sedulo
1047 2529 1083 2580 ut
1099 2516 1172 2582 duos
1187 2540 1268 2582 com·

119 2607 284 2665 mentatios
299 2607 330 2664 iu
348 2626 437 2666 unum
452 2608 642 2667 concinnaret
657 2612 687 2668 et
702 2611 937 2680 contaminaret,
952 2609 984 2667 in
999 2607 1187 2669 PhormiouIs
1201 2605 1267 2666 113

119 2691 238 2750 abiecta
260 2690 361 2751 subite
377 2692 526 2751 industria
540 2693 674 2769 integros
689 2695 860 2770 proposuit,
882 2693 1012 2770 primum
1026 2692 1153 2751 alterum
1168 2703 1230 2755 a'r.
1248 2693 1266 2750 7
1315 2763 1320 2772 ,

109 2773 209 2854 ·(nam
228 2776 285 2835 huc
302 2792 396 2852 usque
417 2778 612 2836 contaminati
628 2776 712 2856 sunt)
728 2780 765 2837 ad
782 2800 809 2838 v.
827 2781 882 2855 93,
906 2777 1013 2838 deinde
1028 2776 1186 2836 alteruma
1202 2777 1268 2839 ab

120 2861 171 2925 ad
189 2880 217 2919 v.
234 2861 289 2934 933
317 2861 423 2923 dehinc
451 2868 549 2920 autem
577 2881 652 2939 quae
678 2868 844 2939 sequuntur
870 2864 980 2923 scholia
1004 2879 1099 2939 usque
1121 2860 1267 2921 adfinem

123 2944 252 3017 fabulae,
265 2965 300 3003 ca
314 2946 358 3004 ita
374 2950 545 3022 comparata
560 2952 641 3024 eunt,
658 2953 692 3005 ut
707 2967 798 3007 unum
814 2947 1057 3008 commentarium
1073 2946 1208 3005 adhiberi
1222 2946 1268 3005 in·

121 3030 262 3105 tellegas.
293 3048 383 3106 quara
406 3035 519 3090 certum
541 3035 587 3090 est
609 3032 689 3108 quod
712 3031 912 3092 Sabhadinius
932 3032 1001 3092 iecit
1021 3025 1135 3112 (studd.
1151 3030 1221 3089 Ital.
1236 3029 1268 3089 II

123 3135 154 3192 p.
174 3109 240 3194 15),
264 3114 441 3174 Wessnerus
468 3117 538 3175 dum
566 3117 630 3177 eius
651 3118 714 3193 agit
735 3136 891 3177 censuram
913 3117 1021 3176 abiecit
1042 3113 1171 3194 (period.
1192 3115 1268 3191 phil.

121 3199 252 3258 Berolin.
272 3201 352 3258 1895
368 3219 398 3275 p.
415 3199 506 3277 427),
529 3201 718 3262 Phormionis
736 3207 936 3263 commentum
952 3201 1042 3260 fuisse
1058 3201 1211 3274 ultimum,
1227 3200 1266 3260 ad

122 3285 206 3361 quod
221 3302 288 3343 curn
303 3287 490 3359 pervenisset
506 3287 683 3363 compilator
697 3289 818 3348 fastidio
833 3290 976 3363 concepto
993 3285 1162 3344 destituerit
1176 3304 1265 3362 quam

122 3369 218 3444 usque
233 3369 357 3428 dederat
371 3388 499 3446 operam.
524 3371 632 3447 duplex
648 3373 741 3447 igitur
753 3374 840 3433 datur
852 3373 1019 3431 fabularum
1032 3371 1113 3440 ordo,
1130 3370 1166 3428 ad
1177 3389 1266 3445 quem

121 3453 209 3513 illum
233 3472 264 3512 se
285 3453 449 3530 adplicasse
472 3474 622 3531 quoque
648 3462 852 3517 commenta
877 3454 1024 3516 edenda
1049 3454 1158 3514 nobis
1185 3471 1266 3513 essa

121 3541 305 3599 statuamus:
343 3540 458 3598 Andria
493 3540 657 3599 Eunuchus
693 3535 1078 3618 [Heautontimorumenos]
1110 3539 1267 3614 Adelphos

122 3621 243 3699 Hecyra
271 3623 427 3696 Phormio,
464 3625 514 3700 qui
545 3630 592 3683 eat
620 3625 765 3686 librorum
794 3627 927 3685 Terentii
958 3623 1020 3697 ΡΟ,
1056 3627 1121 3682 aut:
1152 3623 1267 3682 Andria

124 3707 280 3783 Adelphos
301 3709 462 3769 Eunuchus
486 3704 867 3791 [Heautontimorumenos]
891 3711 1008 3786 Hecyra
1028 3707 1185 3782 Phormio,
1216 3707 1267 3784 qui

123 3792 288 3853 secundum
310 3793 424 3853 litteras
448 3794 581 3871 digestus
602 3794 646 3854 ita
661 3797 692 3855 in
708 3797 793 3856 libris
809 3793 995 3854 Terentianis
1011 3812 1072 3852 non
1086 3797 1177 3852 extat.
1207 3794 1266 3850 iarn
1332 3805 1333 3808 ’

121 3877 194 3937 libri
207 3878 334 3937 Donatei
350 3879 406 3954 ipsi
422 3880 530 3956 partim
547 3880 616 3939 huic
630 3882 738 3957 partim
755 3882 798 3940 illi
811 3880 1027 3955 suffragantur:
1043 3878 1111 3936 huic
1124 3896 1200 3935 unus
1213 3875 1265 3935 sed

121 3963 350 4038 antiquissimus
376 3963 527 4023 Parisinus
545 3966 627 4024 7920
647 3986 722 4028 saec.
742 3965 785 4026 XI
811 3966 842 4024 in
869 3982 927 4041 quo
953 3968 1153 4023 commentum
1175 3961 1267 4020 Adel·

121 4045 250 4125 phorum
266 4048 375 4123 excipit
391 4048 549 4122 Andriam,
566 4057 663 4109 cetera
678 4058 776 4111 autem
792 4051 917 4127 desunt3
938 4047 984 4106 illi
999 4046 1161 4104 Vaticanus
1177 4046 1265 4122 Regi·

122 4133 330 4194 ueneie1595
357 4150 430 4192 saec.
451 4132 524 4192 XIII
549 4135 580 4192 in
608 4154 666 4211 quo
693 4140 892 4197 commentum
917 4132 1048 4192 Andriae
1074 4129 1267 4207 subsequitur

121 4217 284 4277 Eunuchus
299 4221 396 4276 cetera
411 4220 528 4294 praeter
542 4218 675 4297 Hecyrae
691 4222 737 4281 III
752 4223 783 4296 4,
798 4217 910 4280 lli—V
929 4219 957 4287 2,
972 4221 990 4276 8
1008 4216 1222 4294 desiderantur,
1236 4220 1267 4274 et

122 4301 233 4361 novicii
255 4320 328 4364 saec.
346 4300 400 4360 XV
423 4320 481 4361 uuo
506 4319 555 4362 ore
575 4323 685 4366 omnes.
722 4324 789 4364 cum
810 4305 856 4364 his
878 4303 950 4362 fecit
970 4303 999 4360 ni
1023 4301 1110 4360 fallor
1133 4301 1224 4360 codex
1240 4300 1265 4358 ie

122 4405 212 4463 quem
245 4386 397 4446 Laurentii
424 4385 527 4446 Vallae
558 4390 668 4450 amicus
701 4389 823 4451 carnoti
851 4391 882 4448 iu
911 4386 1091 4447 bibliotheca
1122 4386 1263 4446 ecclesiae
