2768 4830
66 274 230 332 PRahbow:
243 275 278 331 de
289 273 393 330 Donati
405 269 562 330 commento
575 273 604 329 in
613 272 775 329 Terentium
786 268 1096 344 specobservationum
1106 274 1126 329 l.
1149 268 1213 332 319

64 444 218 504 Romanis.
252 462 307 503 nec
330 443 412 502 deest
432 442 519 502 testis
542 442 630 501 huius
651 443 694 500 rei
711 441 977 517 locupletissimus.
1009 441 1213 513 Quintilianus

64 530 145 589 enirn
169 529 201 588 in
228 547 352 588 censura
378 528 557 603 scriptorum
585 526 765 587 Graecorum
792 529 822 585 et
843 527 1045 586 Romanorum
1073 545 1147 603 quae
1174 526 1210 584 da

65 613 186 674 Graecis
207 613 336 690 profert,
359 608 479 671 Graecis
499 612 588 671 debet
603 611 713 671 criticis
730 611 838 687 quihus
855 609 956 671 Cicero
971 611 1135 688 Dionysius
1150 611 1209 670 Dio

66 697 299 775 chrysostomus
319 716 372 756 sua
388 698 483 756 isdem
500 697 625 770 dehent,
647 717 675 757 ν.
691 695 843 755 Usenerus
859 696 895 761 ad
911 696 1050 773 Dionysii
1065 695 1159 755 libros
1175 696 1211 754 de

65 783 246 843 imitatione:
267 783 417 842 Romanos
438 787 538 840 autem
560 783 597 841 ad
615 780 744 857 effigiem
761 779 940 841 Graecorum
957 781 1101 857 depinxit.
1130 780 1210 856 quod

65 868 130 944 ipse
146 867 260 927 indicat
276 867 325 926 ubi
342 866 516 925 Sallustium
532 870 562 925 et
574 867 693 926 Livium
710 870 858 925 recenset:
874 864 926 926 nec
941 883 1084 940 opponere
1096 865 1211 941 Thilon-

10 1002 13 1007 .
65 950 1211 1028 didiSallusiiumoerearnccindianetnrsibiHerodotusaequariT.Lioium,

10 1048 13 1055 “
65 1056 132 1098 mm
147 1039 346 1102 innarrando
361 1039 455 1096 mirae
470 1038 722 1096 iucunditatis
743 1037 1021 1110 clarissimique
1036 1036 1211 1096 candoris

10 1176 13 1193 ,
63 1127 127 1184 tum
147 1124 182 1182 in
201 1122 384 1182 contionibus
397 1139 490 1196 supra
505 1117 597 1196 quam
609 1123 746 1182 enarrari
756 1126 851 1195 potest
864 1122 1057 1194 amonentem:
1077 1123 1121 1181 ita
1136 1137 1213 1194 quae

10 1222 13 1279 ξ
63 1209 205 1270 dicuntur
229 1209 329 1266 omnia
354 1225 419 1266 cum
444 1208 531 1267 rebus
557 1211 619 1266 tum
639 1208 775 1281 personis
799 1208 1015 1267 accommodata
1034 1211 1122 1266 sunt:
1147 1205 1209 1265 ad-

10 1326 13 1369 ;
63 1293 185 1366 fectus
205 1293 320 1366 quidem
330 1294 605 1367 praecipueque
619 1310 677 1352 eos
691 1293 855 1365 quisunt
868 1288 1126 1364 dulciores‚'ut
1134 1308 1209 1364 par-

10 1394 14 1413 ¹
64 1378 178 1440 cisum
198 1376 308 1447 dicam,
330 1395 415 1436 nemo
434 1377 636 1437 historicorum
657 1377 847 1437 commodavit
860 1380 964 1453 maan.
995 1377 1114 1451 ideoque
1127 1376 1210 1435 iiam

64 1463 250 1523 inmortalem
279 1461 402 1522 Sallusti
429 1463 655 1522 uelocitatem
690 1462 851 1521 diuersis
885 1463 1092 1522 uirtutibus
1123 1478 1210 1520 con-

62 1552 209 1609 secutus
227 1551 288 1606 est.
325 1543 418 1623 igitur
439 1547 548 1606 iudicia
568 1565 642 1623 quae
664 1546 700 1604 de
716 1544 835 1605 Graecis
857 1546 937 1604 edita
957 1547 1079 1623 legerat
1093 1549 1124 1604 et
1144 1546 1211 1621 ipse

10 1638 15 1711 ζ
65 1637 221 1708 receperat
236 1625 316 1716 (73),
332 1650 428 1708 paene
441 1632 477 1690 ad
495 1632 617 1690 verbum
635 1633 671 1689 ad
687 1631 835 1690 Romanos
852 1631 1007 1706 adplicuit.
1032 1633 1097 1691 dele
1113 1650 1148 1690 ex
1163 1631 1211 1690 his

10 1736 16 1803 'a
64 1717 377 1778 commemorationem
393 1716 575 1793 Thucydidis
597 1721 627 1775 et
647 1713 808 1775 Herodoti:
832 1715 955 1775 habebis
975 1716 1054 1775 idem
1076 1714 1209 1792 quadiu

10 1812 18 1873 t
62 1801 176 1860 iudicio
191 1801 382 1859 Euanthiano
402 1801 579 1861 videbamur
599 1801 767 1860 observare.
800 1802 849 1858 sed
866 1801 956 1860 etiam
973 1801 1002 1860 in
1019 1802 1123 1860 ceteris
1138 1799 1210 1859 haec

10 1904 17 1949 t
63 1888 143 1946 ratio
169 1887 201 1945 ni
228 1885 317 1945 fallor
342 1885 541 1945 animadverti
567 1891 679 1963 potest:
707 1884 884 1962 quamquam
912 1886 1045 1945 modeste
1071 1885 1208 1945 adfirmo.

10 1988 17 2027 τ
61 1975 199 2032 recenset
221 1969 424 2042 Quintilianus
447 1971 525 2030 inter
545 1971 703 2030 historicos
726 1968 853 2029 Graecos
867 1970 1030 2045 ¹Ephorum
1047 1970 1207 2030 Philistum

10 2054 17 2141 l
62 2057 301 2131 Theopompum.
317 2055 455 2130 Ephorus
466 2056 573 2132 inquit,
586 2061 620 2116 ut
627 2056 753 2115 Isocrati
762 2057 867 2129 uisum,
881 2056 1042 2116 calcarihus
1052 2060 1119 2131 raet,
1131 2073 1207 2131 quae

10 2142 15 2207 i
60 2142 122 2202 Dio
146 2140 273 2216 explicet
296 2146 369 2198 orat.
387 2140 489 2199 XVIII
512 2139 549 2202 τὸ
572 2139 607 2202 δὲ
629 2136 742 2201 ὕπτιον
766 2138 815 2200 καὶ
837 2135 1006 2216 ἀνειμένον
1028 2140 1082 2214 τῆε
1104 2136 1207 2210 ἀπαγ-

10 2240 12 2245 ·
58 2222 176 2299 retius
191 2241 241 2285 εοι
257 2220 316 2286 οὐκ
331 2221 521 2300 ἐπιτήδειον.
553 2222 1105 2299 οοιιινιιὶοοειλέξιετυνεεταλμένη
1122 2225 1210 2283 stilus
1316 2256 1320 2264 ·

59 2328 195 2389 pressus.
225 2311 261 2369 de
277 2309 406 2369 Servilio
418 2311 557 2370 Noniano
572 2311 676 2387 igitur,
693 2311 827 2369 Romano
839 2311 991 2388 historico,
1008 2310 1227 2395 Quintilianus

58 2397 149 2456 haee:
166 2396 240 2455 clari
253 2397 299 2455 cir
310 2397 424 2471 inaenii
434 2400 460 2454 et
470 2398 621 2456 sententiis
633 2396 736 2468 creden
751 2397 802 2455 secl
816 2399 940 2455 minus
948 2413 1104 2470 pressus
1119 2412 1208 2468 quam

57 2482 203 2542 historiae
224 2482 383 2540 auctoritas
398 2482 539 2556 postulat.
572 2480 671 2556 prodit
691 2482 766 2538 alter
782 2480 931 2555 Ephorus.
962 2481 1061 2556 pergit
1080 2479 1209 2538 Fabius:

59 2583 156 2642 quum
173 2597 217 2616 -.
228 2565 339 2625 Bassm
356 2564 497 2639 Aufidius
516 2569 625 2643 eprepie
640 2599 678 2606 -
690 2566 852 2641 praestitit,
876 2584 951 2641 quae
970 2565 1119 2640 quomodo
1142 2582 1208 2622 cum

59 2649 311 2712 antecedentibus
326 2649 502 2710 cohaereant
517 2652 568 2727 qui
584 2650 778 2727 repul-averli,
794 2651 825 2708 in
841 2649 935 2709 Basso
946 2648 1067 2708 Aufidio
1083 2649 1208 2708 fortasse

58 2736 138 2796 alies
168 2754 287 2811 quoque
317 2735 445 2795 virtutes
475 2741 554 2795 certe
579 2754 712 2812 pressam
739 2736 918 2794 brevitatem
943 2735 1059 2792 laudari
1085 2737 1208 2793 statuet.

60 2821 153 2881 adest
174 2820 268 2896 igitur
288 2821 364 2878 alter
379 2820 540 2879 Philistus:
562 2821 609 2879 hic
630 2823 708 2879 enim
729 2822 858 2880 imitator
876 2819 1038 2896 Thucydidi
1052 2819 1110 2877 fuit
1125 2815 1208 2896 (74),

60 2905 102 2967 cf.
119 2901 223 2964 Cicero
238 2904 325 2964 Brut.
344 2907 382 2964 66
403 2924 475 2965 nam
495 2911 528 2965 ut
542 2908 646 2966 horum
661 2907 782 2965 concisis
795 2907 946 2964 sententiis
959 2905 1106 2965 interdum
1121 2905 1208 2963 etiam

56 3008 125 3052 nou
135 2991 209 3050 sutis
219 2992 328 3064 apertis
340 3009 405 3050 cum
418 2992 553 3051 maritate
564 2997 626 3051 turn
638 2992 730 3050 nimio
741 2992 885 3065 acumine,
901 2990 990 3062 officit
999 2989 1206 3063 Theopompus.

55 3073 219 3136 Oonferam
235 3079 341 3135 cetera.
664 3096 666 3102 ·
725 3089 726 3092 ’
865 3104 867 3107 ·

300 3158 582 3230 Quintil.x1,104:
598 3161 683 3221 tabet
694 3164 838 3222 amatores
849 3177 901 3220 nec
912 3161 1047 3219 inmerito
1061 3137 1207 3218 Cremutit

215 3245 347 3316 libertas,
376 3263 555 3319 quamquam
582 3247 760 3306 circumcisis
780 3263 855 3318 auae
877 3245 984 3304 diuisae
1005 3246 1030 3303 ei
1050 3249 1207 3304 nocuerat:

215 3332 265 3390 sed
288 3332 395 3390 clatum
421 3331 538 3390 abunde
562 3334 699 3405 spiritum
724 3335 750 3389 et
776 3331 902 3390 audaces
928 3331 1087 3389 sententias
1110 3330 1206 3402 deprc-

215 3415 325 3475 hendas
340 3418 428 3475 etiam
443 3418 476 3474 in
490 3416 536 3475 iis
550 3435 624 3489 auae
639 3419 769 3475 manent.

149 3497 194 3558 De
211 3499 403 3575 Theopompo
420 3500 700 3560 maledicentissima
718 3499 830 3575 (Nepos
847 3498 945 3557 Alcib.
964 3497 1016 3575 11)
1033 3497 1209 3574 Dionysius,

57 3583 115 3662 qui
131 3583 212 3642 illius
228 3582 449 3660 παρρηείαν
465 3585 568 3644 laudat
583 3586 614 3645 in
626 3585 702 3643 libro
716 3586 751 3642 de
765 3584 932 3642 imitatione
944 3583 973 3641 ll
986 3602 1015 3658 p.
1031 3583 1080 3653 25,
1093 3583 1131 3641 13
1141 3582 1205 3653 Ua,

56 3671 136 3730 haec
163 3669 282 3728 exhibet
309 3671 339 3727 in
362 3672 449 3745 epist.
479 3671 514 3727 ed
537 3670 709 3745 Pompeium
733 3688 795 3744 cap.
813 3668 869 3726 Vl:
898 3665 1075 3728 διαλλάττει
1097 3665 1132 3728 δὲ
1151 3666 1207 3742 τῆ(

57 3750 271 3827 Ἰεοκρατείου
299 3751 443 3831 (terrac)
470 3752 549 3815 κατὰ
578 3753 636 3830 τὴν
666 3751 840 3827 πικρότητα
871 3750 920 3812 καὶ
946 3751 1003 3814 τὸν
1029 3751 1130 3813 τόνον
1157 3748 1206 3811 ἐπ’

58 3833 169 3909 ἐνίων,
192 3834 287 3900 ὅταν
303 3836 499 3920 ἐπιτρέψῃ
515 3839 597 3901 τοῑε
613 3836 766 3910 πάθεει,
783 3834 914 3914 palacia
930 3835 957 3897 δ’
973 3834 1051 3898 ὅταν
1067 3832 1205 3914 ὀνειδίζῃ

58 3919 195 3985 πόλεειν
220 3920 239 3996 ἢ
261 3924 447 3999 ετρατηγοῑε
468 3922 595 3999 πονηρὰ
617 3921 819 4002 βουλεύματα
839 3920 890 3983 καὶ
910 3920 1039 3996 πράξειε
1060 3918 1204 3981 ἀδίκουε·

59 4004 169 4071 πολὺε
183 4005 245 4084 γὰρ
262 4005 297 4070 ἐν
313 4009 449 4080 τούτοιε,
465 4007 515 4070 καὶ
528 4011 583 4084 τῆε
596 4006 825 4085 Δημοεθένουε
840 4004 1025 4082 δεινότηποε
1038 4002 1114 4066 οὐδὲ
1126 4002 1205 4065 κατὰ

58 4089 176 4170 μικρὸν
192 4091 349 4170 διαφέρει,
367 4091 411 4154 ὼε
429 4091 460 4158 ἐξ
476 4091 585 4156 ἄλλων
600 4093 735 4155 πολλῶν
748 4089 787 4153 ἄν
800 4111 846 4154 uc
858 4087 922 4153 ἴδοι
935 4089 992 4153 κάκ
1002 4091 1067 4150 τῶν
1080 4087 1204 4150 Χιακῶν

56 4176 239 4240 ἐπιετολῶν
268 4175 305 4241 ἃ(
335 4183 385 4258 τῷ
412 4176 654 4258 <cloacam
685 4175 875 4253 πνεύματι
908 4174 1126 4251 ἐπιτρέψαι
1152 4172 1204 4245 γέ-

55 4279 195 4339 γραφεν,
224 4265 262 4323 cf.
285 4265 386 4324 Cicero
413 4265 498 4323 Brut.
522 4267 561 4323 66
589 4265 678 4337 officit
706 4264 906 4337 Theopompus
932 4264 1094 4321 elatione
1119 4265 1205 4333 atque

55 4349 217 4411 altitudine
237 4352 379 4410 orationis
399 4368 480 4410 suae.
514 4350 630 4408 Similia
647 4349 848 4420 Quintilianus
871 4346 941 4426 (74)
963 4364 1143 4422 quamquam
1169 4346 1205 4404 de
