2768 4830
58 260 223 318 PRabbour
234 262 270 317 de
278 260 384 316 Donati
394 263 552 316 commenta
562 232 761 316 inTerentium
772 247 846 331 spec.
855 244 1083 314 observationum
1094 258 1116 314 1.
1137 239 1203 318 333

60 430 246 490 alteralteri
268 428 437 489 adfirmaret
458 429 640 489 contrarium
662 430 765 489 eodem
788 429 852 487 iure
868 432 925 494 ,aut
946 429 971 487 si
992 428 1090 504 placet
1104 428 1206 486 eadem

60 515 182 574 iniuria.
212 516 303 574 immo
325 515 498 591 priusquam
517 514 638 573 nomina
653 518 822 590 captemus,
844 513 959 572 indoles
975 519 1005 570 et
1020 516 1128 572 natura
1142 512 1206 571 eius

60 599 144 675 quod
167 599 203 658 ad
227 618 281 658 nos
296 598 442 675 perlatum
458 604 503 659 est
517 599 698 658 scholiorum
716 599 846 674 corporis
862 598 1044 673 exploranda
1059 601 1119 656 est:
1141 600 1206 655 tum

60 685 183 743 demum
197 683 372 744 Donatistae
383 703 466 742 suam
478 682 580 742 licebit
590 685 758 742 instaurent
769 683 974 758 quaestIonem
986 682 1079 740 multo
1090 683 1206 742 doctius

58 773 156 845 quam
176 770 314 845 equidem
336 787 467 845 possum.
498 768 592 845 veluti
613 769 648 827 de
667 767 904 844 praefationibus
921 785 998 842 quae
1014 767 1165 842 disputavi
1181 768 1206 825 si

57 872 124 913 non
136 853 211 912 talea
224 856 302 925 sunt,
316 854 374 928 ipsi
387 853 517 912 viderint
528 852 600 929 quid
611 853 680 911 inde
693 853 729 910 ad
739 852 821 910 illam
834 853 1039 927 quaestionem
1049 851 1207 911 redundet.

57 938 182 997 interim
199 938 341 1015 quoniam
358 937 450 997 aliurn
461 939 498 996 ab
510 938 568 996 alio
581 937 714 1012 spectavi
725 937 903 1013 iugulatum,
921 935 1025 996 Cadmi
1035 936 1206 1010 exemplum

58 1022 150 1100 sequi
165 1025 256 1082 satius
272 1023 439 1082 videbatur.

35 1213 37 1217 ·
149 1192 317 1252 Pridericus
333 1191 394 1250 Leo
416 1211 450 1250 ex
470 1191 705 1268 praelationibus
726 1191 871 1250 Donateis
892 1191 1038 1250 conclusit
1055 1190 1206 1250 Donatum

57 1284 233 1336 commenta
252 1295 305 1335 sua
326 1277 362 1334 ad
378 1277 505 1336 codicem
521 1277 651 1336 familiae
665 1275 725 1335 DG
742 1275 920 1352 adplicasse,
944 1276 1021 1334 unde
1037 1276 1064 1334 ei
1079 1274 1208 1335 efficitur

59 1360 261 1436 Calliopium,
284 1381 301 1419 a
317 1362 400 1419 cuius
415 1362 587 1421 recensione
603 1362 671 1420 libri
687 1358 748 1419 DG
764 1364 914 1420 testantur
929 1378 960 1419 se
976 1360 1118 1420 deductos
1134 1379 1206 1437 esse,

58 1450 134 1504 ante
155 1445 305 1504 Donatum
332 1445 466 1505 floruisse
491 1447 604 1522 ipsum,
631 1446 695 1505 eius
721 1448 820 1505 autem
845 1445 1045 1505 recensionem
1073 1445 1207 1505 exhiheri

59 1531 223 1607 genuinam
236 1529 349 1602 inillis,
363 1549 422 1590 non
436 1531 466 1590 in
478 1531 589 1590 familia
600 1528 664 1603 PC,
678 1529 716 1590 ct.
728 1548 804 1589 mus.
818 1530 912 1591 Rhen.
924 1529 1083 1588 XXXVIII
1093 1550 1123 1606 p.
1134 1531 1205 1604 325,

58 1614 206 1674 Daiatzko
222 1615 272 1674 ed.
284 1612 517 1694 Phor·mion.²'p.
536 1616 576 1675 20
592 1616 660 1674 adu.
677 1617 711 1687 5,
729 1615 867 1675 Schleeus
883 1614 987 1674 scholl.
1004 1615 1122 1677 Terent.
1136 1634 1164 1691 p.
1177 1617 1206 1675 8.

61 1701 114 1761 cui
129 1701 309 1761 conclusioni
325 1701 404 1776 quod
422 1701 467 1758 vir·
481 1702 584 1759 doctus
595 1700 823 1759 fundamentum
835 1700 994 1776 supposuit
1005 1701 1106 1776 potius
1117 1719 1206 1777 quam

62 1785 246 1863 substruxit,
273 1784 438 1844 Donateam
464 1785 530 1845 dico
551 1786 757 1845 auctoritatem
779 1785 997 1862 praefationum
1019 1796 1050 1844 et
1070 1785 1207 1844 ordinem

61 1869 231 1928 tabularum
247 1869 466 1944 didascalicum,
482 1870 512 1928 id
526 1871 585 1929 iam
597 1889 731 1930 eversum
744 1875 791 1929 est
803 1871 921 1945 opinor:
938 1889 992 1946 age
1005 1870 1074 1927 dum
1087 1869 1207 1928 aliunde

60 1954 146 2013 illam
168 1955 346 2015 sententiam
367 1955 532 2014 refutemus
553 1956 596 2013 ita
618 1957 652 2013 ut
670 1955 782 2030 aliquid
799 1955 993 2013 addiscamus.
1026 1955 1207 2014 circumscri-

60 2039 178 2099 buntur
199 2039 277 2098 enim
297 2041 328 2098 ia
348 2039 582 2116 praelationibus
603 2043 687 2099 actus
708 2038 877 2098 fabularum
892 2057 952 2098 non
967 2039 1010 2096 ita
1025 2044 1060 2097 ut
1075 2038 1142 2098 finis
1158 2041 1207 2101 vel

60 2123 185 2183 initium
200 2125 331 2184 breviter
345 2125 578 2200 uniuscuiusque
593 2123 777 2201 significetur
792 2123 836 2200 (id
855 2125 934 2199 quad
950 2119 1137 2205 sufficiebat),
1154 2123 1206 2183 sed

61 2208 226 2269 scholiasta
247 2222 321 2285 quae
343 2227 461 2284 quoque
476 2209 685 2268 contineantur
701 2209 819 2284 singula
836 2208 940 2267 maluit
954 2228 1106 2266 enarrare:
1123 2209 1207 2268 velut

59 2293 201 2353 Eunuchi
221 2296 254 2353 a‘n
268 2295 366 2368 prima
387 2299 454 2354 actu
467 2294 617 2354 Phaedria
637 2295 768 2354 ecclesus
788 2311 807 2353 a
823 2293 934 2352 Thaide
955 2298 981 2352 ct
1000 2310 1097 2354 secum
1110 2296 1208 2367 prium

57 2382 91 2438 et
109 2396 177 2438 mac
196 2397 262 2438 cum
275 2379 461 2439 Parmenone
480 2381 666 2453 conqueritur
684 2379 822 2451 fortunas
840 2395 911 2438 suas
930 2383 956 2437 et
976 2379 1016 2438 ad
1028 2383 1208 2452 postremum

59 2479 162 2524 caram
183 2468 301 2523 accusat
316 2463 465 2523 Thaidem.
502 2482 608 2524 rursus
622 2465 819 2538 permulcetur
838 2464 875 2522 ab
896 2463 996 2523 eadem
1015 2469 1041 2522 et
1061 2465 1208 2525 uoluntate

57 2548 229 2622 diqrediens
248 2567 301 2608 rus
320 2565 380 2608 sese
401 2566 603 2608 concessurum
620 2552 654 2608 in
666 2549 796 2622 spatium
812 2549 893 2607 bidui
907 2550 1129 2622 essepramittit.
1161 2549 1207 2608 hic

61 2632 162 2708 igilur
176 2636 385 2709 argumentum
401 2639 484 2692 actus
498 2634 587 2709 primi
603 2637 742 2692 narratur
757 2632 940 2708 simpliciter.
967 2640 1065 2691 tamen
1081 2651 1150 2692 cave
1164 2634 1208 2692 ita

16 2746 21 2756 ’
60 2721 219 2777 narratum
247 2736 363 2793 semper
390 2737 453 2777 esse
474 2718 639 2777 existimes:
667 2719 759 2776 immo
780 2718 810 2778 in
832 2717 938 2777 ceteris
960 2721 1040 2775 certa
1060 2718 1206 2793 quaedam

61 2801 144 2860 ratio
165 2807 195 2860 et
216 2802 387 2862 distributio
409 2803 446 2861 ab
468 2807 623 2862 enarrante
640 2804 779 2862 instituta
794 2802 987 2878 dignoscitur.
1018 2804 1061 2860 ita
1075 2803 1207 2862 Andriae

61 2885 156 2944 tertio
170 2888 249 2946 actui
266 2883 493 2946 adtribuuntur:
510 2888 637 2963 Mysidis
653 2906 718 2946 aum
733 2888 879 2947 obstetrice
893 2889 1064 2960 colloquium
1075 2887 1161 2948 Dana
1173 2906 1208 2948 ac

60 2969 1208 3051 SimoraeaudientibuslpartusqueeriisuspectusseuietDaaiapndemadem

61 3054 786 3136 fraudulentasnmaainatialdimanisaerhaaum
795 3051 1208 3136 Ohrmnemnupttathaat

58 3143 243 3218 perturbatio
264 3147 290 3201 et
303 3141 468 3219 Pamphilu
490 3142 693 3218 Adelphorum
715 3142 859 3200 secundus
874 3150 958 3200 actus
975 3142 1045 3201 haec
1061 3142 1206 3201 continet:

61 3228 179 3287 lenonia
192 3229 315 3288 altnam
328 3228 426 3286 risam
441 3228 580 3286 adoneus
590 3225 769 3287 Aeschinum
779 3245 835 3300 pra
846 3228 946 3300 puella
965 3227 970 3303 t
989 3228 1114 3286 eiusdem
1128 3228 1209 3301 apud

63 3310 176 3387 syrma
201 3313 341 3386 querellas
371 3312 375 3384 1
406 3313 546 3371 laetitiam
567 3311 746 3386 Ctesiphonis
768 3312 802 3371 ah
824 3314 1029 3385 passessionem
1050 3313 1161 3371 amicae
1183 3318 1208 3370 et

65 3397 195 3456 eiusdem
218 3399 384 3472 qratiarum
410 3399 550 3456 actionem
577 3398 657 3470 apud
682 3396 875 3470 Aeschinum3
904 3396 1092 3454 Phormionis
1117 3397 1207 3454 tertio

67 3482 148 3540 actui
164 3482 357 3540 adtribuitur:
381 3483 504 3556 litiqium
518 3485 597 3541 senis
612 3487 637 3540 et
652 3482 838 3541 Phormionis
857 3480 861 3558 l
881 3486 942 3539 tum
958 3481 1127 3539 consultatio
1143 3498 1208 3540 cum

65 3566 213 3626 aduocatis
238 3567 242 3637 Ι
268 3572 330 3625 tum
353 3565 531 3640 Antiphanis
556 3571 589 3625 a'n
616 3584 733 3625 scenam
757 3567 867 3625 reditus
893 3567 1118 3638 colloquiumque
1143 3584 1209 3626 cum

64 3649 143 3710 Geta
163 3647 167 3730 Ι
186 3656 248 3710 tum
268 3653 381 3711 lenonis
395 3657 420 3711 et
436 3652 600 3711 Phaedriae
615 3652 773 3710 colluctatio
793 3652 797 3724 Ι
816 3656 878 3709 tum
894 3651 1056 3709 adhortatio
1072 3647 1160 3710 Getae
1175 3653 1209 3710 de

64 3737 240 3796 invenienda
256 3741 375 3811 arpenta
390 3736 430 3796 ad
444 3737 643 3795 redimendam
658 3736 821 3795 Phaedriae
836 3735 1051 3794 citharistriam.
1083 3741 1208 3810 apparet

64 3821 187 3895 singula
212 3839 286 3896 quae
313 3820 435 3880 distinxi
461 3821 525 3880 cola
551 3840 615 3881 esse
643 3821 776 3896 singulas
806 3838 926 3878 scaenas
953 3838 1025 3895 quas
1049 3838 1103 3894 per
1124 3825 1208 3878 aetus

68 3904 228 3964 scholiasta
243 3911 405 3964 enumerat.
438 3905 493 3965 hoo
509 3924 567 3964 non
584 3907 679 3964 solum
700 3905 769 3962 inde
784 3905 870 3980 plene
886 3905 1111 3980 comprobatur,
1128 3904 1207 3979 quod

65 4006 207 4049 caesurae
229 3992 371 4067 asyndeto
393 3990 577 4067 significatae
592 4009 658 4049 cum
675 4008 845 4049 scaenarum
862 3989 1073 4048 distributione
1088 4008 1208 4062 prorsus

66 4076 261 4135 consentiunt
279 4093 352 4150 quae
368 4080 398 4133 et
414 4078 445 4133 in
460 4075 604 4134 Bembina
620 4079 651 4132 et
667 4076 696 4132 iu
714 4073 908 4148 Calliopianis
923 4078 984 4144 est,
1006 4074 1094 4130 modo
1110 4092 1144 4130 ea
1160 4093 1209 4131 ex·

68 4160 182 4234 ceperis
209 4160 243 4216 de
272 4160 379 4235 quibus
405 4160 482 4218 infra
510 4160 684 4235 disputabo:
715 4160 765 4218 sed
794 4161 837 4216 ita
863 4158 979 4215 demum
1006 4157 1208 4233 intellegimus

10 4286 12 4295 ·
67 4244 260 4322 quamobrem
283 4246 428 4321 interpres
451 4263 588 4302 enarrare
609 4249 692 4302 actus
710 4263 798 4320 quam
815 4243 1054 4301 clrcumscribera
1070 4242 1210 4302 maluerit

10 4360 13 4385 ι
66 4347 122 4390 uec
138 4347 196 4389 non
211 4349 261 4389 cur
276 4329 404 4389 Andriae
417 4331 446 4389 in
459 4335 525 4388 actu
537 4336 642 4405 quarto
654 4330 724 4387 haec
736 4333 960 4388 commemoret:
972 4328 1072 4402 prima
1086 4324 1210 4388 Charini
