<?xml version="1.0" encoding="UTF-8"?>
<!DOCTYPE html PUBLIC "-//W3C//DTD XHTML 1.0 Transitional//EN"
    "http://www.w3.org/TR/xhtml1/DTD/xhtml1-transitional.dtd">
<html xmlns="http://www.w3.org/1999/xhtml" xml:lang="en" lang="en">
 <head>
  <title>
</title>
<meta http-equiv="Content-Type" content="text/html;charset=utf-8" />
  <meta name='ocr-system' content='tesseract 3.04.00' />
  <meta name='ocr-capabilities' content='ocr_page ocr_carea ocr_par ocr_line ocrx_word'/>
</head>
<body>
  <div class='ocr_page' id='page_1' title='image "./dedonaticomment00rabbgoog_0028.png"; bbox 0 0 2768 4830; ppageno 0'>
   <div class='ocr_carea' id='block_1_1' title="bbox 10 312 1202 388">
    <p class='ocr_par' dir='ltr' id='par_1_1' title="bbox 10 312 1202 388">
     <span class='ocr_line' id='line_1_1' title="bbox 10 312 1202 388; baseline -0.001 -11"><span class='ocrx_word' id='word_1_1' title='bbox 10 366 13 377; x_wconf 94' lang='grc'>.</span> <span class='ocrx_word' id='word_1_2' title='bbox 36 317 223 382; x_wconf 71' lang='lat' dir='ltr'>‘‚Pltabbovv:</span> <span class='ocrx_word' id='word_1_3' title='bbox 236 318 271 374; x_wconf 91' lang='lat' dir='ltr'>de</span> <span class='ocrx_word' id='word_1_4' title='bbox 279 317 384 374; x_wconf 89' lang='lat' dir='ltr'>Donati</span> <span class='ocrx_word' id='word_1_5' title='bbox 393 319 552 375; x_wconf 87' lang='lat' dir='ltr'>commento</span> <span class='ocrx_word' id='word_1_6' title='bbox 558 318 592 378; x_wconf 87' lang='lat' dir='ltr'>in</span> <span class='ocrx_word' id='word_1_7' title='bbox 600 315 762 376; x_wconf 85' lang='lat' dir='ltr'>Terentium</span> <span class='ocrx_word' id='word_1_8' title='bbox 774 334 847 388; x_wconf 79' lang='lat' dir='ltr'>spec.</span> <span class='ocrx_word' id='word_1_9' title='bbox 860 317 1088 374; x_wconf 86' lang='lat' dir='ltr'>observationum</span> <span class='ocrx_word' id='word_1_10' title='bbox 1096 317 1117 372; x_wconf 91' lang='grc' dir='ltr'>Ι.</span> <span class='ocrx_word' id='word_1_11' title='bbox 1136 312 1202 378; x_wconf 82' lang='grc'>,325</span> 
     </span>
    </p>
   </div>
   <div class='ocr_carea' id='block_1_2' title="bbox 14 485 1204 3700">
    <p class='ocr_par' dir='ltr' id='par_1_2' title="bbox 14 485 1204 3700">
     <span class='ocr_line' id='line_1_2' title="bbox 59 485 1201 563; baseline 0 -18"><span class='ocrx_word' id='word_1_12' title='bbox 59 487 114 563; x_wconf 85' lang='lat' dir='ltr'>qui</span> <span class='ocrx_word' id='word_1_13' title='bbox 130 487 382 563; x_wconf 85' lang='lat' dir='ltr'>sibipersuaserit</span> <span class='ocrx_word' id='word_1_14' title='bbox 396 487 422 546; x_wconf 90' lang='lat' dir='ltr'>is</span> <span class='ocrx_word' id='word_1_15' title='bbox 437 486 551 546; x_wconf 86' lang='lat' dir='ltr'>cantica</span> <span class='ocrx_word' id='word_1_16' title='bbox 564 485 703 563; x_wconf 82' lang='lat' dir='ltr'>quidem,</span> <span class='ocrx_word' id='word_1_17' title='bbox 719 504 852 562; x_wconf 84' lang='lat' dir='ltr'>quornm</span> <span class='ocrx_word' id='word_1_18' title='bbox 867 489 991 545; x_wconf 87' lang='lat' dir='ltr'>naturae</span> <span class='ocrx_word' id='word_1_19' title='bbox 1006 485 1096 544; x_wconf 90' lang='lat' dir='ltr'>tibias</span> <span class='ocrx_word' id='word_1_20' title='bbox 1110 486 1201 562; x_wconf 88' lang='lat' dir='ltr'>adap-</span> 
     </span>
     <span class='ocr_line' id='line_1_3' title="bbox 58 571 1201 645; baseline 0 -15"><span class='ocrx_word' id='word_1_21' title='bbox 58 575 139 631; x_wconf 83' lang='lat' dir='ltr'>tatae</span> <span class='ocrx_word' id='word_1_22' title='bbox 161 572 254 632; x_wconf 82' lang='lat' dir='ltr'>fuisse</span> <span class='ocrx_word' id='word_1_23' title='bbox 276 572 433 631; x_wconf 81' lang='lat' dir='ltr'><strong>scholiasta</strong></span> <span class='ocrx_word' id='word_1_24' title='bbox 452 575 570 644; x_wconf 88' lang='lat' dir='ltr'>narrat,</span> <span class='ocrx_word' id='word_1_25' title='bbox 593 590 672 629; x_wconf 88' lang='lat' dir='ltr'>mere</span> <span class='ocrx_word' id='word_1_26' title='bbox 688 571 848 645; x_wconf 90' lang='lat' dir='ltr'>iocularia,</span> <span class='ocrx_word' id='word_1_27' title='bbox 871 571 1027 632; x_wconf 89' lang='lat' dir='ltr'>universae</span> <span class='ocrx_word' id='word_1_28' title='bbox 1043 574 1142 631; x_wconf 87' lang='lat' dir='ltr'>tamen</span> <span class='ocrx_word' id='word_1_29' title='bbox 1156 572 1201 630; x_wconf 90' lang='lat' dir='ltr'>iu·</span> 
     </span>
     <span class='ocr_line' id='line_1_4' title="bbox 55 653 1201 734; baseline -0.001 -18"><span class='ocrx_word' id='word_1_30' title='bbox 55 654 159 724; x_wconf 89' lang='lat' dir='ltr'>dolem</span> <span class='ocrx_word' id='word_1_31' title='bbox 184 655 318 734; x_wconf 87' lang='lat' dir='ltr'>fabulae,</span> <span class='ocrx_word' id='word_1_32' title='bbox 331 716 333 721; x_wconf 22' lang='lat'><strong>⁴</strong></span> <span class='ocrx_word' id='word_1_33' title='bbox 346 656 429 717; x_wconf 90' lang='lat' dir='ltr'>cuius</span> <span class='ocrx_word' id='word_1_34' title='bbox 454 653 609 715; x_wconf 80' lang='lat' dir='ltr'>dimidiam</span> <span class='ocrx_word' id='word_1_35' title='bbox 634 655 695 714; x_wconf 88' lang='lat' dir='ltr'>fere</span> <span class='ocrx_word' id='word_1_36' title='bbox 721 655 774 714; x_wconf 88' lang='lat' dir='ltr'>illa</span> <span class='ocrx_word' id='word_1_37' title='bbox 795 654 929 715; x_wconf 84' lang='lat' dir='ltr'>efficiunt</span> <span class='ocrx_word' id='word_1_38' title='bbox 949 658 1080 731; x_wconf 85' lang='lat' dir='ltr'>partem,</span> <span class='ocrx_word' id='word_1_39' title='bbox 1107 674 1201 730; x_wconf 89' lang='lat' dir='ltr'>paene</span> 
     </span>
     <span class='ocr_line' id='line_1_5' title="bbox 58 740 1202 817; baseline -0.001 -18"><span class='ocrx_word' id='word_1_40' title='bbox 58 741 204 817; x_wconf 80' lang='lat' dir='ltr'>tragicam</span> <span class='ocrx_word' id='word_1_41' title='bbox 218 741 312 806; x_wconf 86' lang='lat' dir='ltr'>visam</span> <span class='ocrx_word' id='word_1_42' title='bbox 328 759 392 801; x_wconf 92' lang='lat' dir='ltr'>esse</span> <span class='ocrx_word' id='word_1_43' title='bbox 408 743 530 800; x_wconf 87' lang='lat' dir='ltr'>statuat.</span> <span class='ocrx_word' id='word_1_44' title='bbox 554 740 633 816; x_wconf 90' lang='lat' dir='ltr'>qnod</span> <span class='ocrx_word' id='word_1_45' title='bbox 649 742 810 799; x_wconf 89' lang='lat' dir='ltr'>absurdum</span> <span class='ocrx_word' id='word_1_46' title='bbox 827 743 882 800; x_wconf 89' lang='lat' dir='ltr'>est.</span> <span class='ocrx_word' id='word_1_47' title='bbox 912 742 1003 799; x_wconf 91' lang='lat' dir='ltr'>immo</span> <span class='ocrx_word' id='word_1_48' title='bbox 1018 741 1202 799; x_wconf 89' lang='lat' dir='ltr'>canticorum</span> 
     </span>
     <span class='ocr_line' id='line_1_6' title="bbox 59 824 1203 902; baseline -0.001 -17"><span class='ocrx_word' id='word_1_49' title='bbox 59 832 199 885; x_wconf 88' lang='lat' dir='ltr'>naturam</span> <span class='ocrx_word' id='word_1_50' title='bbox 214 825 363 902; x_wconf 78' lang='lat' dir='ltr'>tibiasque</span> <span class='ocrx_word' id='word_1_51' title='bbox 379 844 445 884; x_wconf 91' lang='lat' dir='ltr'>cum</span> <span class='ocrx_word' id='word_1_52' title='bbox 460 826 599 890; x_wconf 87' lang='lat' dir='ltr'>universa</span> <span class='ocrx_word' id='word_1_53' title='bbox 614 824 714 888; x_wconf 88' lang='lat' dir='ltr'>fabula</span> <span class='ocrx_word' id='word_1_54' title='bbox 730 826 874 884; x_wconf 81' lang='lat' dir='ltr'>sumimus</span> <span class='ocrx_word' id='word_1_55' title='bbox 888 824 931 883; x_wconf 91' lang='lat' dir='ltr'>ita</span> <span class='ocrx_word' id='word_1_56' title='bbox 946 826 1147 901; x_wconf 84' lang='lat' dir='ltr'>conspirasse,</span> <span class='ocrx_word' id='word_1_57' title='bbox 1167 829 1203 884; x_wconf 90' lang='lat' dir='ltr'>ut</span> 
     </span>
     <span class='ocr_line' id='line_1_7' title="bbox 59 909 1202 986; baseline 0.002 -18"><span class='ocrx_word' id='word_1_58' title='bbox 59 911 258 986; x_wconf 85' lang='lat' dir='ltr'>interpretem</span> <span class='ocrx_word' id='word_1_59' title='bbox 274 910 355 986; x_wconf 91' lang='lat' dir='ltr'>quod</span> <span class='ocrx_word' id='word_1_60' title='bbox 371 909 407 968; x_wconf 91' lang='lat' dir='ltr'>de</span> <span class='ocrx_word' id='word_1_61' title='bbox 422 911 487 985; x_wconf 88' lang='lat' dir='ltr'>ipsa</span> <span class='ocrx_word' id='word_1_62' title='bbox 500 909 602 972; x_wconf 84' lang='lat' dir='ltr'>fabula</span> <span class='ocrx_word' id='word_1_63' title='bbox 617 910 832 985; x_wconf 87' lang='lat' dir='ltr'>pronuntiabat</span> <span class='ocrx_word' id='word_1_64' title='bbox 844 909 986 968; x_wconf 90' lang='lat' dir='ltr'>iudicium</span> <span class='ocrx_word' id='word_1_65' title='bbox 998 909 1026 967; x_wconf 90' lang='lat' dir='ltr'>ei</span> <span class='ocrx_word' id='word_1_66' title='bbox 1037 911 1202 970; x_wconf 87' lang='lat' dir='ltr'>contrarias</span> 
     </span>
     <span class='ocr_line' id='line_1_8' title="bbox 62 994 1202 1071; baseline 0.001 -18"><span class='ocrx_word' id='word_1_67' title='bbox 62 994 190 1071; x_wconf 81' lang='lat' dir='ltr'>elegisse</span> <span class='ocrx_word' id='word_1_68' title='bbox 206 994 295 1059; x_wconf 88' lang='lat' dir='ltr'>tibias</span> <span class='ocrx_word' id='word_1_69' title='bbox 311 995 360 1053; x_wconf 85' lang='lat' dir='ltr'>vix</span> <span class='ocrx_word' id='word_1_70' title='bbox 376 995 417 1054; x_wconf 87' lang='lat' dir='ltr'>sit</span> <span class='ocrx_word' id='word_1_71' title='bbox 432 994 592 1054; x_wconf 88' lang='lat' dir='ltr'>verisimile</span> <span class='ocrx_word' id='word_1_72' title='bbox 608 1013 641 1053; x_wconf 89' lang='lat' dir='ltr'>ac</span> <span class='ocrx_word' id='word_1_73' title='bbox 653 1012 691 1053; x_wconf 89' lang='lat' dir='ltr'>ne</span> <span class='ocrx_word' id='word_1_74' title='bbox 704 994 753 1055; x_wconf 83' lang='lat' dir='ltr'>vix</span> <span class='ocrx_word' id='word_1_75' title='bbox 765 994 895 1070; x_wconf 89' lang='lat' dir='ltr'>quidem.</span> <span class='ocrx_word' id='word_1_76' title='bbox 918 997 1008 1070; x_wconf 92' lang='lat' dir='ltr'>atque</span> <span class='ocrx_word' id='word_1_77' title='bbox 1020 995 1092 1069; x_wconf 88' lang='lat' dir='ltr'>ipsis</span> <span class='ocrx_word' id='word_1_78' title='bbox 1103 995 1202 1055; x_wconf 84' lang='lat' dir='ltr'>verbis</span> 
     </span>
     <span class='ocr_line' id='line_1_9' title="bbox 58 1078 1204 1158; baseline 0.002 -20"><span class='ocrx_word' id='word_1_79' title='bbox 58 1080 115 1139; x_wconf 94' lang='lat' dir='ltr'>hoc</span> <span class='ocrx_word' id='word_1_80' title='bbox 126 1079 213 1155; x_wconf 84' lang='lat' dir='ltr'>plene</span> <span class='ocrx_word' id='word_1_81' title='bbox 224 1078 427 1154; x_wconf 84' lang='lat' dir='ltr'>confirmatur,</span> <span class='ocrx_word' id='word_1_82' title='bbox 444 1079 552 1156; x_wconf 90' lang='lat' dir='ltr'>quibus</span> <span class='ocrx_word' id='word_1_83' title='bbox 565 1080 597 1138; x_wconf 89' lang='lat' dir='ltr'>iu</span> <span class='ocrx_word' id='word_1_84' title='bbox 609 1082 738 1158; x_wconf 81' lang='lat' dir='ltr'>tractatu</span> <span class='ocrx_word' id='word_1_85' title='bbox 751 1079 859 1137; x_wconf 89' lang='lat' dir='ltr'>utitur:</span> <span class='ocrx_word' id='word_1_86' title='bbox 875 1080 983 1138; x_wconf 83' lang='lat' dir='ltr'>seriam</span> <span class='ocrx_word' id='word_1_87' title='bbox 998 1081 1204 1141; x_wconf 84' lang='lat' dir='ltr'>comoediae</span> 
     </span>
     <span class='ocr_line' id='line_1_10' title="bbox 55 1164 1199 1242; baseline -0.002 -16"><span class='ocrx_word' id='word_1_88' title='bbox 55 1165 215 1232; x_wconf 36' lang='lat' dir='ltr'>,dictionem</span> <span class='ocrx_word' id='word_1_89' title='bbox 238 1165 296 1242; x_wconf 86' lang='lat' dir='ltr'>ait,</span> <span class='ocrx_word' id='word_1_90' title='bbox 314 1183 375 1223; x_wconf 90' lang='lat' dir='ltr'>non</span> <span class='ocrx_word' id='word_1_91' title='bbox 397 1164 614 1238; x_wconf 85' lang='lat' dir='ltr'>‘canticorum&#39;,</span> <span class='ocrx_word' id='word_1_92' title='bbox 638 1165 733 1224; x_wconf 81' lang='lat' dir='ltr'>iocum</span> <span class='ocrx_word' id='word_1_93' title='bbox 752 1165 786 1223; x_wconf 79' lang='lat' dir='ltr'>io</span> <span class='ocrx_word' id='word_1_94' title='bbox 807 1164 990 1223; x_wconf 79' lang='lat' dir='ltr'>comoedia</span> <span class='ocrx_word' id='word_1_95' title='bbox 1004 1165 1199 1224; x_wconf 73' lang='lat' dir='ltr'>ostendebant.</span> 
     </span>
     <span class='ocr_line' id='line_1_11' title="bbox 61 1247 1202 1325; baseline 0 -17"><span class='ocrx_word' id='word_1_96' title='bbox 61 1249 257 1325; x_wconf 88' lang='lat' dir='ltr'>quamobrem</span> <span class='ocrx_word' id='word_1_97' title='bbox 273 1248 367 1307; x_wconf 89' lang='lat' dir='ltr'>sicubi</span> <span class='ocrx_word' id='word_1_98' title='bbox 383 1261 429 1308; x_wconf 84' lang='lat' dir='ltr'>est</span> <span class='ocrx_word' id='word_1_99' title='bbox 440 1248 615 1308; x_wconf 90' lang='lat' dir='ltr'>scholiastae</span> <span class='ocrx_word' id='word_1_100' title='bbox 627 1248 769 1308; x_wconf 87' lang='lat' dir='ltr'>elevanda</span> <span class='ocrx_word' id='word_1_101' title='bbox 780 1247 862 1322; x_wconf 86' lang='lat' dir='ltr'>fides,</span> <span class='ocrx_word' id='word_1_102' title='bbox 878 1252 994 1308; x_wconf 89' lang='lat' dir='ltr'>restant</span> <span class='ocrx_word' id='word_1_103' title='bbox 1004 1249 1202 1323; x_wconf 84' lang='lat' dir='ltr'>praefationes</span> 
     </span>
     <span class='ocr_line' id='line_1_12' title="bbox 59 1332 1202 1413; baseline 0.001 -21"><span class='ocrx_word' id='word_1_104' title='bbox 59 1332 268 1409; x_wconf 88' lang='lat' dir='ltr'>Adelphorum</span> <span class='ocrx_word' id='word_1_105' title='bbox 284 1338 315 1391; x_wconf 90' lang='lat' dir='ltr'>et</span> <span class='ocrx_word' id='word_1_106' title='bbox 329 1333 475 1405; x_wconf 84' lang='lat' dir='ltr'>Eunuchi,</span> <span class='ocrx_word' id='word_1_107' title='bbox 492 1352 569 1409; x_wconf 82' lang='lat' dir='ltr'>quae</span> <span class='ocrx_word' id='word_1_108' title='bbox 585 1333 791 1413; x_wconf 85' lang='lat' dir='ltr'>aPhormione</span> <span class='ocrx_word' id='word_1_109' title='bbox 807 1333 854 1392; x_wconf 90' lang='lat' dir='ltr'>vel</span> <span class='ocrx_word' id='word_1_110' title='bbox 869 1351 904 1391; x_wconf 90' lang='lat' dir='ltr'>eo</span> <span class='ocrx_word' id='word_1_111' title='bbox 921 1333 1061 1392; x_wconf 87' lang='lat' dir='ltr'>differunt</span> <span class='ocrx_word' id='word_1_112' title='bbox 1077 1335 1156 1409; x_wconf 91' lang='lat' dir='ltr'>quod</span> <span class='ocrx_word' id='word_1_113' title='bbox 1171 1334 1202 1393; x_wconf 91' lang='lat' dir='ltr'>in</span> 
     </span>
     <span class='ocr_line' id='line_1_13' title="bbox 57 1417 1204 1494; baseline 0 -17"><span class='ocrx_word' id='word_1_114' title='bbox 57 1418 122 1478; x_wconf 91' lang='lat' dir='ltr'>illis</span> <span class='ocrx_word' id='word_1_115' title='bbox 143 1417 286 1476; x_wconf 89' lang='lat' dir='ltr'>tibiarum</span> <span class='ocrx_word' id='word_1_116' title='bbox 308 1418 445 1480; x_wconf 76' lang='lat' dir='ltr'>redditur</span> <span class='ocrx_word' id='word_1_117' title='bbox 465 1418 557 1477; x_wconf 89' lang='lat' dir='ltr'>ratio:</span> <span class='ocrx_word' id='word_1_118' title='bbox 580 1418 659 1494; x_wconf 76' lang='lat' dir='ltr'>titiis</span> <span class='ocrx_word' id='word_1_119' title='bbox 679 1418 786 1478; x_wconf 72' lang='lat' dir='ltr'>dextris</span> <span class='ocrx_word' id='word_1_120' title='bbox 806 1419 839 1477; x_wconf 85' lang='lat' dir='ltr'>id</span> <span class='ocrx_word' id='word_1_121' title='bbox 858 1422 898 1476; x_wconf 83' lang='lat' dir='ltr'>est</span> <span class='ocrx_word' id='word_1_122' title='bbox 915 1417 1022 1493; x_wconf 75' lang='lat' dir='ltr'>Lpdia&#39;s</span> <span class='ocrx_word' id='word_1_123' title='bbox 1042 1420 1076 1477; x_wconf 88' lang='lat' dir='ltr'>ob</span> <span class='ocrx_word' id='word_1_124' title='bbox 1096 1421 1204 1479; x_wconf 70' lang='lat' dir='ltr'>omium</span> 
     </span>
     <span class='ocr_line' id='line_1_14' title="bbox 55 1502 1204 1580; baseline 0.001 -18"><span class='ocrx_word' id='word_1_125' title='bbox 55 1503 233 1580; x_wconf 66' lang='lat' dir='ltr'>pravitatem</span> <span class='ocrx_word' id='word_1_126' title='bbox 253 1521 312 1576; x_wconf 75' lang='lat' dir='ltr'>qua</span> <span class='ocrx_word' id='word_1_127' title='bbox 331 1502 445 1574; x_wconf 73' lang='lat' dir='ltr'>sercin</span> <span class='ocrx_word' id='word_1_128' title='bbox 466 1504 601 1563; x_wconf 79' lang='lat' dir='ltr'>omnibus</span> <span class='ocrx_word' id='word_1_129' title='bbox 620 1504 771 1562; x_wconf 86' lang='lat' dir='ltr'>comoediis</span> <span class='ocrx_word' id='word_1_130' title='bbox 789 1504 883 1562; x_wconf 80' lang='lat' dir='ltr'>atdor</span> <span class='ocrx_word' id='word_1_131' title='bbox 903 1503 949 1562; x_wconf 84' lang='lat' dir='ltr'>hic</span> <span class='ocrx_word' id='word_1_132' title='bbox 966 1507 1053 1577; x_wconf 86' lang='lat' dir='ltr'>poeto</span> <span class='ocrx_word' id='word_1_133' title='bbox 1073 1512 1105 1560; x_wconf 86' lang='lat' dir='ltr'>et</span> <span class='ocrx_word' id='word_1_134' title='bbox 1124 1504 1204 1563; x_wconf 79' lang='lat' dir='ltr'>tibiis</span> 
     </span>
     <span class='ocr_line' id='line_1_15' title="bbox 14 1587 1203 1670; baseline 0 -22"><span class='ocrx_word' id='word_1_135' title='bbox 14 1664 21 1670; x_wconf 39' lang='grc'><strong>-</strong></span> <span class='ocrx_word' id='word_1_136' title='bbox 58 1589 163 1648; x_wconf 73' lang='lat' dir='ltr'>dentre</span> <span class='ocrx_word' id='word_1_137' title='bbox 179 1592 204 1647; x_wconf 79' lang='lat' dir='ltr'>et</span> <span class='ocrx_word' id='word_1_138' title='bbox 218 1589 341 1647; x_wconf 71' lang='lat' dir='ltr'>maistre</span> <span class='ocrx_word' id='word_1_139' title='bbox 356 1588 391 1647; x_wconf 86' lang='lat' dir='ltr'>oh</span> <span class='ocrx_word' id='word_1_140' title='bbox 402 1589 545 1649; x_wconf 83' lang='lat' dir='ltr'>iocularia</span> <span class='ocrx_word' id='word_1_141' title='bbox 556 1589 648 1647; x_wconf 73' lang='lat' dir='ltr'>molto</span> <span class='ocrx_word' id='word_1_142' title='bbox 656 1590 801 1661; x_wconf 73' lang='lat' dir='ltr'>permisto</span> <span class='ocrx_word' id='word_1_143' title='bbox 810 1589 965 1664; x_wconf 73' lang='lat' dir='ltr'>pravitati,</span> <span class='ocrx_word' id='word_1_144' title='bbox 983 1589 1014 1645; x_wconf 91' lang='lat' dir='ltr'>in</span> <span class='ocrx_word' id='word_1_145' title='bbox 1026 1587 1203 1648; x_wconf 83' lang='lat' dir='ltr'>Phormione</span> 
     </span>
     <span class='ocr_line' id='line_1_16' title="bbox 60 1671 1199 1748; baseline -0.001 -17"><span class='ocrx_word' id='word_1_146' title='bbox 60 1672 207 1732; x_wconf 86' lang='lat' dir='ltr'>breviter:</span> <span class='ocrx_word' id='word_1_147' title='bbox 235 1672 315 1732; x_wconf 80' lang='lat' dir='ltr'>tibiis</span> <span class='ocrx_word' id='word_1_148' title='bbox 334 1671 486 1735; x_wconf 71' lang='lat' dir='ltr'>Samaeis.</span> <span class='ocrx_word' id='word_1_149' title='bbox 522 1672 581 1730; x_wconf 87' lang='lat' dir='ltr'>iam</span> <span class='ocrx_word' id='word_1_150' title='bbox 603 1671 683 1748; x_wconf 92' lang='lat' dir='ltr'>quod</span> <span class='ocrx_word' id='word_1_151' title='bbox 704 1672 741 1731; x_wconf 91' lang='lat' dir='ltr'>ad</span> <span class='ocrx_word' id='word_1_152' title='bbox 762 1671 830 1731; x_wconf 87' lang='lat' dir='ltr'>illas</span> <span class='ocrx_word' id='word_1_153' title='bbox 853 1672 968 1731; x_wconf 91' lang='lat' dir='ltr'>adtinet</span> <span class='ocrx_word' id='word_1_154' title='bbox 988 1673 1103 1732; x_wconf 86' lang='lat' dir='ltr'>nescias</span> <span class='ocrx_word' id='word_1_155' title='bbox 1126 1673 1199 1748; x_wconf 89' lang='lat' dir='ltr'>quid</span> 
     </span>
     <span class='ocr_line' id='line_1_17' title="bbox 56 1755 1202 1833; baseline 0 -17"><span class='ocrx_word' id='word_1_156' title='bbox 56 1756 230 1832; x_wconf 88' lang='lat' dir='ltr'>suspicione</span> <span class='ocrx_word' id='word_1_157' title='bbox 245 1757 436 1816; x_wconf 87' lang='lat' dir='ltr'>Dziatzkonis</span> <span class='ocrx_word' id='word_1_158' title='bbox 452 1757 493 1817; x_wconf 89' lang='lat' dir='ltr'>sit</span> <span class='ocrx_word' id='word_1_159' title='bbox 509 1756 707 1816; x_wconf 88' lang='lat' dir='ltr'>verisimilius.</span> <span class='ocrx_word' id='word_1_160' title='bbox 737 1755 936 1833; x_wconf 82' lang='lat' dir='ltr'>praelationes</span> <span class='ocrx_word' id='word_1_161' title='bbox 952 1756 1155 1832; x_wconf 85' lang='lat' dir='ltr'>Adelphorum</span> <span class='ocrx_word' id='word_1_162' title='bbox 1173 1763 1202 1816; x_wconf 90' lang='lat' dir='ltr'>et</span> 
     </span>
     <span class='ocr_line' id='line_1_18' title="bbox 54 1840 1202 1918; baseline 0.001 -18"><span class='ocrx_word' id='word_1_163' title='bbox 54 1840 195 1900; x_wconf 84' lang='lat' dir='ltr'>Eunuchi</span> <span class='ocrx_word' id='word_1_164' title='bbox 222 1846 407 1918; x_wconf 87' lang='lat' dir='ltr'>utraqueut</span> <span class='ocrx_word' id='word_1_165' title='bbox 427 1840 649 1901; x_wconf 83' lang='lat' dir='ltr'>observavimus</span> <span class='ocrx_word' id='word_1_166' title='bbox 672 1846 774 1901; x_wconf 82' lang='lat' dir='ltr'>exacta</span> <span class='ocrx_word' id='word_1_167' title='bbox 797 1842 940 1901; x_wconf 88' lang='lat' dir='ltr'>curiosius</span> <span class='ocrx_word' id='word_1_168' title='bbox 960 1841 997 1900; x_wconf 91' lang='lat' dir='ltr'>ad</span> <span class='ocrx_word' id='word_1_169' title='bbox 1019 1860 1149 1917; x_wconf 87' lang='lat' dir='ltr'>eaquae</span> <span class='ocrx_word' id='word_1_170' title='bbox 1170 1842 1202 1901; x_wconf 92' lang='lat' dir='ltr'>iu</span> 
     </span>
     <span class='ocr_line' id='line_1_19' title="bbox 56 1925 1202 2001; baseline 0 -16"><span class='ocrx_word' id='word_1_171' title='bbox 56 1926 193 1985; x_wconf 87' lang='lat' dir='ltr'>tractatu</span> <span class='ocrx_word' id='word_1_172' title='bbox 215 1930 389 2000; x_wconf 87' lang='lat' dir='ltr'>narrantur,</span> <span class='ocrx_word' id='word_1_173' title='bbox 411 1929 524 1986; x_wconf 90' lang='lat' dir='ltr'>ceterae</span> <span class='ocrx_word' id='word_1_174' title='bbox 549 1944 609 1986; x_wconf 90' lang='lat' dir='ltr'>non</span> <span class='ocrx_word' id='word_1_175' title='bbox 630 1927 716 2001; x_wconf 80' lang='lat' dir='ltr'>item3</span> <span class='ocrx_word' id='word_1_176' title='bbox 737 1927 768 1986; x_wconf 91' lang='lat' dir='ltr'>in</span> <span class='ocrx_word' id='word_1_177' title='bbox 791 1927 897 1986; x_wconf 91' lang='lat' dir='ltr'>ceteris</span> <span class='ocrx_word' id='word_1_178' title='bbox 917 1925 1008 1985; x_wconf 88' lang='lat' dir='ltr'>tibiae</span> <span class='ocrx_word' id='word_1_179' title='bbox 1026 1928 1080 1986; x_wconf 89' lang='lat' dir='ltr'>aut</span> <span class='ocrx_word' id='word_1_180' title='bbox 1092 1927 1202 1985; x_wconf 91' lang='lat' dir='ltr'>incerti</span> 
     </span>
     <span class='ocr_line' id='line_1_20' title="bbox 53 2004 1202 2092; baseline 0 -22"><span class='ocrx_word' id='word_1_181' title='bbox 53 2010 176 2087; x_wconf 82' lang='lat' dir='ltr'>generis</span> <span class='ocrx_word' id='word_1_182' title='bbox 204 2013 275 2069; x_wconf 89' lang='lat' dir='ltr'>suut</span> <span class='ocrx_word' id='word_1_183' title='bbox 299 2010 426 2086; x_wconf 83' lang='lat' dir='ltr'>(Andria</span> <span class='ocrx_word' id='word_1_184' title='bbox 447 2004 577 2092; x_wconf 82' lang='lat' dir='ltr'>Hecyra)</span> <span class='ocrx_word' id='word_1_185' title='bbox 605 2014 656 2069; x_wconf 92' lang='lat' dir='ltr'>aut</span> <span class='ocrx_word' id='word_1_186' title='bbox 677 2031 695 2069; x_wconf 88' lang='lat' dir='ltr'>a</span> <span class='ocrx_word' id='word_1_187' title='bbox 715 2011 823 2070; x_wconf 92' lang='lat' dir='ltr'>iudicio</span> <span class='ocrx_word' id='word_1_188' title='bbox 845 2011 881 2069; x_wconf 91' lang='lat' dir='ltr'>de</span> <span class='ocrx_word' id='word_1_189' title='bbox 903 2011 1005 2069; x_wconf 89' lang='lat' dir='ltr'>fabula</span> <span class='ocrx_word' id='word_1_190' title='bbox 1026 2010 1202 2070; x_wconf 88' lang='lat' dir='ltr'>scholiastae</span> 
     </span>
     <span class='ocr_line' id='line_1_21' title="bbox 53 2092 1202 2174; baseline 0.001 -19"><span class='ocrx_word' id='word_1_191' title='bbox 53 2095 150 2156; x_wconf 86' lang='lat' dir='ltr'>etiam</span> <span class='ocrx_word' id='word_1_192' title='bbox 167 2094 347 2154; x_wconf 88' lang='lat' dir='ltr'>dissentiunt</span> <span class='ocrx_word' id='word_1_193' title='bbox 362 2092 547 2174; x_wconf 78' lang='lat' dir='ltr'>(Phormio),</span> <span class='ocrx_word' id='word_1_194' title='bbox 564 2095 684 2154; x_wconf 91' lang='lat' dir='ltr'>illarum</span> <span class='ocrx_word' id='word_1_195' title='bbox 699 2095 732 2154; x_wconf 90' lang='lat' dir='ltr'>in</span> <span class='ocrx_word' id='word_1_196' title='bbox 746 2099 873 2172; x_wconf 90' lang='lat' dir='ltr'>utraque</span> <span class='ocrx_word' id='word_1_197' title='bbox 888 2093 938 2172; x_wconf 89' lang='lat' dir='ltr'>(eu</span> <span class='ocrx_word' id='word_1_198' title='bbox 955 2093 1061 2168; x_wconf 76' lang='lat' dir='ltr'>casui)</span> <span class='ocrx_word' id='word_1_199' title='bbox 1077 2095 1153 2155; x_wconf 90' lang='lat' dir='ltr'>tales</span> <span class='ocrx_word' id='word_1_200' title='bbox 1169 2099 1202 2156; x_wconf 92' lang='lat' dir='ltr'>ut</span> 
     </span>
     <span class='ocr_line' id='line_1_22' title="bbox 54 2175 1202 2255; baseline -0.001 -14"><span class='ocrx_word' id='word_1_201' title='bbox 54 2180 220 2241; x_wconf 88' lang='lat' dir='ltr'>secuudum</span> <span class='ocrx_word' id='word_1_202' title='bbox 243 2180 391 2239; x_wconf 88' lang='lat' dir='ltr'>rationem</span> <span class='ocrx_word' id='word_1_203' title='bbox 406 2181 437 2239; x_wconf 92' lang='lat' dir='ltr'>iu</span> <span class='ocrx_word' id='word_1_204' title='bbox 453 2183 581 2240; x_wconf 91' lang='lat' dir='ltr'>tractatu</span> <span class='ocrx_word' id='word_1_205' title='bbox 596 2185 761 2239; x_wconf 89' lang='lat' dir='ltr'>enarratam</span> <span class='ocrx_word' id='word_1_206' title='bbox 778 2184 890 2239; x_wconf 89' lang='lat' dir='ltr'>certum</span> <span class='ocrx_word' id='word_1_207' title='bbox 906 2180 1025 2239; x_wconf 88' lang='lat' dir='ltr'>fabulae</span> <span class='ocrx_word' id='word_1_208' title='bbox 1040 2175 1118 2255; x_wconf 82' lang='grc' dir='ltr'>ἦθο(</span> <span class='ocrx_word' id='word_1_209' title='bbox 1134 2181 1202 2240; x_wconf 91' lang='lat' dir='ltr'>iude</span> 
     </span>
     <span class='ocr_line' id='line_1_23' title="bbox 50 2263 1201 2342; baseline -0.002 -16"><span class='ocrx_word' id='word_1_210' title='bbox 50 2263 245 2342; x_wconf 79' lang='lat' dir='ltr'>significetur</span> <span class='ocrx_word' id='word_1_211' title='bbox 265 2267 296 2322; x_wconf 89' lang='lat' dir='ltr'>et</span> <span class='ocrx_word' id='word_1_212' title='bbox 317 2283 384 2322; x_wconf 92' lang='lat' dir='ltr'>cum</span> <span class='ocrx_word' id='word_1_213' title='bbox 406 2265 514 2325; x_wconf 92' lang='lat' dir='ltr'>iudicio</span> <span class='ocrx_word' id='word_1_214' title='bbox 537 2265 710 2324; x_wconf 90' lang='lat' dir='ltr'>scholiastae</span> <span class='ocrx_word' id='word_1_215' title='bbox 732 2266 915 2339; x_wconf 88' lang='lat' dir='ltr'>consentiat;</span> <span class='ocrx_word' id='word_1_216' title='bbox 940 2266 971 2323; x_wconf 90' lang='lat' dir='ltr'>iu</span> <span class='ocrx_word' id='word_1_217' title='bbox 993 2265 1053 2324; x_wconf 89' lang='lat' dir='ltr'>illis</span> <span class='ocrx_word' id='word_1_218' title='bbox 1075 2265 1201 2342; x_wconf 88' lang='lat' dir='ltr'>denique</span> 
     </span>
     <span class='ocr_line' id='line_1_24' title="bbox 53 2349 1203 2427; baseline 0 -17"><span class='ocrx_word' id='word_1_219' title='bbox 53 2350 151 2410; x_wconf 88' lang='lat' dir='ltr'>tibiae</span> <span class='ocrx_word' id='word_1_220' title='bbox 170 2349 251 2425; x_wconf 89' lang='lat' dir='ltr'>ipsae</span> <span class='ocrx_word' id='word_1_221' title='bbox 272 2367 347 2425; x_wconf 87' lang='lat' dir='ltr'>quae</span> <span class='ocrx_word' id='word_1_222' title='bbox 369 2350 404 2406; x_wconf 92' lang='lat' dir='ltr'>ad</span> <span class='ocrx_word' id='word_1_223' title='bbox 427 2353 587 2409; x_wconf 86' lang='lat' dir='ltr'>tractatum</span> <span class='ocrx_word' id='word_1_224' title='bbox 610 2350 776 2427; x_wconf 88' lang='lat' dir='ltr'>adspirant,</span> <span class='ocrx_word' id='word_1_225' title='bbox 802 2350 957 2409; x_wconf 85' lang='lat' dir='ltr'>dissonant</span> <span class='ocrx_word' id='word_1_226' title='bbox 977 2369 994 2407; x_wconf 91' lang='lat' dir='ltr'>a</span> <span class='ocrx_word' id='word_1_227' title='bbox 1014 2350 1151 2409; x_wconf 89' lang='lat' dir='ltr'>Bembini</span> <span class='ocrx_word' id='word_1_228' title='bbox 1172 2356 1203 2410; x_wconf 89' lang='lat' dir='ltr'>et</span> 
     </span>
     <span class='ocr_line' id='line_1_25' title="bbox 54 2433 1202 2511; baseline -0.003 -14"><span class='ocrx_word' id='word_1_229' title='bbox 54 2433 312 2508; x_wconf 83' lang='lat' dir='ltr'>Calliopianorum</span> <span class='ocrx_word' id='word_1_230' title='bbox 328 2453 482 2508; x_wconf 91' lang='lat' dir='ltr'>consensu,</span> <span class='ocrx_word' id='word_1_231' title='bbox 497 2435 528 2493; x_wconf 91' lang='lat' dir='ltr'>id</span> <span class='ocrx_word' id='word_1_232' title='bbox 544 2435 624 2511; x_wconf 90' lang='lat' dir='ltr'>quod</span> <span class='ocrx_word' id='word_1_233' title='bbox 636 2436 666 2492; x_wconf 93' lang='lat' dir='ltr'>in</span> <span class='ocrx_word' id='word_1_234' title='bbox 679 2434 844 2493; x_wconf 89' lang='lat' dir='ltr'>didascaliis</span> <span class='ocrx_word' id='word_1_235' title='bbox 859 2437 1070 2493; x_wconf 88' lang='lat' dir='ltr'>ceterarum</span> <span class='ocrx_word' id='word_1_236' title='bbox 1086 2435 1202 2494; x_wconf 89' lang='lat' dir='ltr'>raris·</span> 
     </span>
     <span class='ocr_line' id='line_1_26' title="bbox 53 2516 1201 2596; baseline -0.002 -16"><span class='ocrx_word' id='word_1_237' title='bbox 53 2520 149 2580; x_wconf 88' lang='lat' dir='ltr'>sime</span> <span class='ocrx_word' id='word_1_238' title='bbox 164 2537 218 2578; x_wconf 90' lang='lat' dir='ltr'>usu</span> <span class='ocrx_word' id='word_1_239' title='bbox 235 2516 341 2590; x_wconf 89' lang='lat' dir='ltr'>venit¹,</span> <span class='ocrx_word' id='word_1_240' title='bbox 357 2521 388 2577; x_wconf 88' lang='lat' dir='ltr'>in</span> <span class='ocrx_word' id='word_1_241' title='bbox 403 2518 587 2595; x_wconf 86' lang='lat' dir='ltr'>Adelphis</span> <span class='ocrx_word' id='word_1_242' title='bbox 604 2524 640 2578; x_wconf 87' lang='lat' dir='ltr'>et</span> <span class='ocrx_word' id='word_1_243' title='bbox 655 2520 833 2579; x_wconf 76' lang='lat' dir='ltr'>Eunucho</span> <span class='ocrx_word' id='word_1_244' title='bbox 848 2537 960 2594; x_wconf 90' lang='lat' dir='ltr'>saepe</span> <span class='ocrx_word' id='word_1_245' title='bbox 976 2523 1007 2578; x_wconf 90' lang='lat' dir='ltr'>et</span> <span class='ocrx_word' id='word_1_246' title='bbox 1022 2520 1064 2577; x_wconf 89' lang='lat' dir='ltr'>ita</span> <span class='ocrx_word' id='word_1_247' title='bbox 1080 2521 1201 2596; x_wconf 91' lang='lat' dir='ltr'>quidem</span> 
     </span>
     <span class='ocr_line' id='line_1_27' title="bbox 55 2600 1198 2680; baseline -0.002 -16"><span class='ocrx_word' id='word_1_248' title='bbox 55 2609 94 2664; x_wconf 89' lang='lat' dir='ltr'>ut</span> <span class='ocrx_word' id='word_1_249' title='bbox 106 2603 290 2664; x_wconf 81' lang='lat' dir='ltr'>diversitatis</span> <span class='ocrx_word' id='word_1_250' title='bbox 306 2603 447 2680; x_wconf 91' lang='lat' dir='ltr'>ubique</span> <span class='ocrx_word' id='word_1_251' title='bbox 462 2623 574 2663; x_wconf 88' lang='lat' dir='ltr'>causa</span> <span class='ocrx_word' id='word_1_252' title='bbox 584 2604 692 2664; x_wconf 85' lang='lat' dir='ltr'>adferri</span> <span class='ocrx_word' id='word_1_253' title='bbox 703 2604 800 2679; x_wconf 87' lang='lat' dir='ltr'>possit</span> <span class='ocrx_word' id='word_1_254' title='bbox 812 2623 827 2662; x_wconf 91' lang='lat' dir='ltr'>e</span> <span class='ocrx_word' id='word_1_255' title='bbox 840 2607 875 2662; x_wconf 91' lang='lat' dir='ltr'>tr</span> <span class='ocrx_word' id='word_1_256' title='bbox 884 2600 1041 2678; x_wconf 80' lang='lat' dir='ltr'>actatu²;</span> <span class='ocrx_word' id='word_1_257' title='bbox 1054 2604 1198 2663; x_wconf 89' lang='lat' dir='ltr'>librorum</span> 
     </span>
     <span class='ocr_line' id='line_1_28' title="bbox 19 2687 1201 2764; baseline -0.002 -15"><span class='ocrx_word' id='word_1_258' title='bbox 19 2708 22 2715; x_wconf 64' lang='lat'>¹</span> <span class='ocrx_word' id='word_1_259' title='bbox 54 2707 132 2750; x_wconf 89' lang='lat' dir='ltr'>vero</span> <span class='ocrx_word' id='word_1_260' title='bbox 147 2688 238 2748; x_wconf 92' lang='lat' dir='ltr'>tibiae</span> <span class='ocrx_word' id='word_1_261' title='bbox 249 2687 495 2748; x_wconf 85' lang='lat' dir='ltr'>Terentiauorum</span> <span class='ocrx_word' id='word_1_262' title='bbox 509 2689 542 2748; x_wconf 89' lang='lat' dir='ltr'>iu</span> <span class='ocrx_word' id='word_1_263' title='bbox 557 2689 630 2764; x_wconf 90' lang='lat' dir='ltr'>ipsis</span> <span class='ocrx_word' id='word_1_264' title='bbox 641 2688 786 2764; x_wconf 87' lang='lat' dir='ltr'>Adelphis</span> <span class='ocrx_word' id='word_1_265' title='bbox 801 2690 832 2747; x_wconf 89' lang='lat' dir='ltr'>et</span> <span class='ocrx_word' id='word_1_266' title='bbox 842 2688 988 2747; x_wconf 84' lang='lat' dir='ltr'>Eunucho</span> <span class='ocrx_word' id='word_1_267' title='bbox 1004 2707 1070 2747; x_wconf 90' lang='lat' dir='ltr'>cum</span> <span class='ocrx_word' id='word_1_268' title='bbox 1083 2688 1201 2747; x_wconf 85' lang='lat' dir='ltr'>fabulae</span> 
     </span>
     <span class='ocr_line' id='line_1_29' title="bbox 54 2771 1202 2850; baseline 0 -17"><span class='ocrx_word' id='word_1_269' title='bbox 54 2771 161 2834; x_wconf 87' lang='lat' dir='ltr'>indole</span> <span class='ocrx_word' id='word_1_270' title='bbox 181 2772 218 2830; x_wconf 88' lang='lat' dir='ltr'>ab</span> <span class='ocrx_word' id='word_1_271' title='bbox 239 2772 402 2848; x_wconf 86' lang='lat' dir='ltr'>interprete</span> <span class='ocrx_word' id='word_1_272' title='bbox 422 2774 577 2833; x_wconf 84' lang='lat' dir='ltr'>aestimata</span> <span class='ocrx_word' id='word_1_273' title='bbox 599 2774 672 2833; x_wconf 85' lang='lat' dir='ltr'>adeo</span> <span class='ocrx_word' id='word_1_274' title='bbox 691 2792 752 2833; x_wconf 91' lang='lat' dir='ltr'>non</span> <span class='ocrx_word' id='word_1_275' title='bbox 767 2773 995 2833; x_wconf 89' lang='lat' dir='ltr'>consonuissent</span> <span class='ocrx_word' id='word_1_276' title='bbox 1009 2775 1043 2831; x_wconf 91' lang='lat' dir='ltr'>nt</span> <span class='ocrx_word' id='word_1_277' title='bbox 1059 2774 1111 2850; x_wconf 89' lang='lat' dir='ltr'>qui</span> <span class='ocrx_word' id='word_1_278' title='bbox 1126 2779 1202 2833; x_wconf 90' lang='lat' dir='ltr'>trac·</span> 
     </span>
     <span class='ocr_line' id='line_1_30' title="bbox 56 2857 1201 2934; baseline 0 -17"><span class='ocrx_word' id='word_1_279' title='bbox 56 2861 159 2917; x_wconf 86' lang='lat' dir='ltr'>tatum</span> <span class='ocrx_word' id='word_1_280' title='bbox 184 2857 323 2933; x_wconf 82' lang='lat' dir='ltr'>religiose</span> <span class='ocrx_word' id='word_1_281' title='bbox 348 2862 533 2934; x_wconf 82' lang='lat' dir='ltr'>sequeretur,</span> <span class='ocrx_word' id='word_1_282' title='bbox 553 2860 581 2916; x_wconf 90' lang='lat' dir='ltr'>ei</span> <span class='ocrx_word' id='word_1_283' title='bbox 603 2862 654 2916; x_wconf 90' lang='lat' dir='ltr'>aut</span> <span class='ocrx_word' id='word_1_284' title='bbox 675 2857 817 2917; x_wconf 90' lang='lat' dir='ltr'>iudicium</span> <span class='ocrx_word' id='word_1_285' title='bbox 840 2858 1027 2916; x_wconf 86' lang='lat' dir='ltr'>abiciendum</span> <span class='ocrx_word' id='word_1_286' title='bbox 1044 2859 1201 2917; x_wconf 85' lang='lat' dir='ltr'>auttibiae</span> 
     </span>
     <span class='ocr_line' id='line_1_31' title="bbox 55 2940 1200 3018; baseline -0.001 -15"><span class='ocrx_word' id='word_1_287' title='bbox 55 2940 221 3003; x_wconf 88' lang='lat' dir='ltr'>mutandae</span> <span class='ocrx_word' id='word_1_288' title='bbox 243 2946 360 3001; x_wconf 89' lang='lat' dir='ltr'>essent:</span> <span class='ocrx_word' id='word_1_289' title='bbox 388 2943 460 3002; x_wconf 89' lang='lat' dir='ltr'>haec</span> <span class='ocrx_word' id='word_1_290' title='bbox 481 2945 580 3003; x_wconf 92' lang='lat' dir='ltr'>omnia</span> <span class='ocrx_word' id='word_1_291' title='bbox 601 2961 635 3002; x_wconf 92' lang='lat' dir='ltr'>eo</span> <span class='ocrx_word' id='word_1_292' title='bbox 656 2946 837 3002; x_wconf 90' lang='lat' dir='ltr'>concurrunt</span> <span class='ocrx_word' id='word_1_293' title='bbox 857 2947 891 3001; x_wconf 90' lang='lat' dir='ltr'>ut</span> <span class='ocrx_word' id='word_1_294' title='bbox 912 2943 943 3001; x_wconf 90' lang='lat' dir='ltr'>in</span> <span class='ocrx_word' id='word_1_295' title='bbox 964 2943 1157 3018; x_wconf 88' lang='lat' dir='ltr'>Adelphis·</span> <span class='ocrx_word' id='word_1_296' title='bbox 1170 2948 1200 3002; x_wconf 87' lang='lat' dir='ltr'>et</span> 
     </span>
     <span class='ocr_line' id='line_1_32' title="bbox 55 3026 1199 3104; baseline -0.001 -16"><span class='ocrx_word' id='word_1_297' title='bbox 55 3028 85 3088; x_wconf 88' lang='lat' dir='ltr'>E</span> <span class='ocrx_word' id='word_1_298' title='bbox 96 3027 244 3086; x_wconf 89' lang='lat' dir='ltr'>uuucho</span> <span class='ocrx_word' id='word_1_299' title='bbox 261 3028 350 3086; x_wconf 90' lang='lat' dir='ltr'>tibias</span> <span class='ocrx_word' id='word_1_300' title='bbox 366 3029 521 3087; x_wconf 88' lang='lat' dir='ltr'>credamus</span> <span class='ocrx_word' id='word_1_301' title='bbox 536 3031 667 3086; x_wconf 90' lang='lat' dir='ltr'>mutatas</span> <span class='ocrx_word' id='word_1_302' title='bbox 684 3046 747 3086; x_wconf 87' lang='lat' dir='ltr'>esse</span> <span class='ocrx_word' id='word_1_303' title='bbox 762 3026 800 3086; x_wconf 86' lang='lat' dir='ltr'>ab</span> <span class='ocrx_word' id='word_1_304' title='bbox 816 3028 918 3086; x_wconf 89' lang='lat' dir='ltr'>eodem</span> <span class='ocrx_word' id='word_1_305' title='bbox 936 3028 987 3104; x_wconf 91' lang='lat' dir='ltr'>qui</span> <span class='ocrx_word' id='word_1_306' title='bbox 1003 3027 1034 3085; x_wconf 89' lang='lat' dir='ltr'>in</span> <span class='ocrx_word' id='word_1_307' title='bbox 1049 3028 1103 3087; x_wconf 90' lang='lat' dir='ltr'>has</span> <span class='ocrx_word' id='word_1_308' title='bbox 1115 3047 1199 3104; x_wconf 91' lang='lat' dir='ltr'>prae·</span> 
     </span>
     <span class='ocr_line' id='line_1_33' title="bbox 57 3112 754 3189; baseline -0.001 -16"><span class='ocrx_word' id='word_1_309' title='bbox 57 3112 188 3173; x_wconf 77' lang='lat' dir='ltr'>sationes</span> <span class='ocrx_word' id='word_1_310' title='bbox 206 3115 366 3171; x_wconf 86' lang='lat' dir='ltr'>tractatum</span> <span class='ocrx_word' id='word_1_311' title='bbox 383 3115 466 3189; x_wconf 91' lang='lat' dir='ltr'>quasi</span> <span class='ocrx_word' id='word_1_312' title='bbox 481 3113 590 3172; x_wconf 83' lang='lat' dir='ltr'>inferre</span> <span class='ocrx_word' id='word_1_313' title='bbox 606 3113 754 3172; x_wconf 88' lang='lat' dir='ltr'>studebat.</span> 
     </span>
     <span class='ocr_line' id='line_1_34' title="bbox 58 3196 1201 3274; baseline 0.001 -20"><span class='ocrx_word' id='word_1_314' title='bbox 58 3212 64 3220; x_wconf 91' lang='lat'>·</span> <span class='ocrx_word' id='word_1_315' title='bbox 95 3263 97 3267; x_wconf 37' lang='lat'>.</span> <span class='ocrx_word' id='word_1_316' title='bbox 147 3196 232 3269; x_wconf 83' lang='lat' dir='ltr'>Quod</span> <span class='ocrx_word' id='word_1_317' title='bbox 257 3198 282 3255; x_wconf 90' lang='lat' dir='ltr'>si</span> <span class='ocrx_word' id='word_1_318' title='bbox 297 3196 356 3254; x_wconf 89' lang='lat' dir='ltr'>iam</span> <span class='ocrx_word' id='word_1_319' title='bbox 372 3198 520 3258; x_wconf 87' lang='lat' dir='ltr'>credimus</span> <span class='ocrx_word' id='word_1_320' title='bbox 535 3199 636 3274; x_wconf 92' lang='lat' dir='ltr'>potius</span> <span class='ocrx_word' id='word_1_321' title='bbox 651 3217 740 3273; x_wconf 89' lang='lat' dir='ltr'>quam</span> <span class='ocrx_word' id='word_1_322' title='bbox 756 3197 954 3273; x_wconf 84' lang='lat' dir='ltr'>suspicamur,</span> <span class='ocrx_word' id='word_1_323' title='bbox 975 3215 1116 3273; x_wconf 85' lang='lat' dir='ltr'>quaerere</span> <span class='ocrx_word' id='word_1_324' title='bbox 1130 3197 1201 3256; x_wconf 91' lang='lat' dir='ltr'>licet</span> 
     </span>
     <span class='ocr_line' id='line_1_35' title="bbox 55 3280 1200 3359; baseline -0.002 -17"><span class='ocrx_word' id='word_1_325' title='bbox 55 3284 137 3342; x_wconf 86' lang='lat' dir='ltr'>certe</span> <span class='ocrx_word' id='word_1_326' title='bbox 161 3283 192 3341; x_wconf 91' lang='lat' dir='ltr'>in</span> <span class='ocrx_word' id='word_1_327' title='bbox 214 3280 438 3342; x_wconf 90' lang='lat' dir='ltr'>Phormione</span> <span class='ocrx_word' id='word_1_328' title='bbox 459 3301 511 3341; x_wconf 87' lang='lat' dir='ltr'>cur</span> <span class='ocrx_word' id='word_1_329' title='bbox 531 3283 622 3341; x_wconf 88' lang='lat' dir='ltr'>tibiae</span> <span class='ocrx_word' id='word_1_330' title='bbox 643 3301 702 3341; x_wconf 88' lang='lat' dir='ltr'>non</span> <span class='ocrx_word' id='word_1_331' title='bbox 723 3283 794 3341; x_wconf 90' lang='lat' dir='ltr'>item</span> <span class='ocrx_word' id='word_1_332' title='bbox 817 3286 950 3341; x_wconf 89' lang='lat' dir='ltr'>mutatae</span> <span class='ocrx_word' id='word_1_333' title='bbox 972 3282 1049 3359; x_wconf 86' lang='lat' dir='ltr'>sint,</span> <span class='ocrx_word' id='word_1_334' title='bbox 1076 3281 1127 3340; x_wconf 89' lang='lat' dir='ltr'>ubi</span> <span class='ocrx_word' id='word_1_335' title='bbox 1148 3301 1200 3340; x_wconf 92' lang='lat' dir='ltr'>cur</span> 
     </span>
     <span class='ocr_line' id='line_1_36' title="bbox 56 3366 1201 3443; baseline -0.002 -16"><span class='ocrx_word' id='word_1_336' title='bbox 56 3369 254 3438; x_wconf 86' lang='lat' dir='ltr'>mutarentur,</span> <span class='ocrx_word' id='word_1_337' title='bbox 276 3370 420 3425; x_wconf 84' lang='lat' dir='ltr'>natanto</span> <span class='ocrx_word' id='word_1_338' title='bbox 443 3368 561 3443; x_wconf 89' lang='lat' dir='ltr'>quidem</span> <span class='ocrx_word' id='word_1_339' title='bbox 582 3368 680 3426; x_wconf 90' lang='lat' dir='ltr'>minus</span> <span class='ocrx_word' id='word_1_340' title='bbox 702 3373 774 3427; x_wconf 88' lang='lat' dir='ltr'>erat.</span> <span class='ocrx_word' id='word_1_341' title='bbox 805 3371 893 3442; x_wconf 88' lang='lat' dir='ltr'>atquc</span> <span class='ocrx_word' id='word_1_342' title='bbox 915 3366 994 3424; x_wconf 91' lang='lat' dir='ltr'>idem</span> <span class='ocrx_word' id='word_1_343' title='bbox 1015 3383 1119 3425; x_wconf 88' lang='lat' dir='ltr'>cursus</span> <span class='ocrx_word' id='word_1_344' title='bbox 1134 3385 1201 3425; x_wconf 89' lang='lat' dir='ltr'>cou-</span> 
     </span>
     <span class='ocr_line' id='line_1_37' title="bbox 59 3449 1200 3529; baseline -0.001 -18"><span class='ocrx_word' id='word_1_345' title='bbox 59 3452 226 3512; x_wconf 82' lang='lat' dir='ltr'>olusionum</span> <span class='ocrx_word' id='word_1_346' title='bbox 249 3451 335 3510; x_wconf 87' lang='lat' dir='ltr'>facile</span> <span class='ocrx_word' id='word_1_347' title='bbox 349 3453 540 3527; x_wconf 89' lang='lat' dir='ltr'>percurritur,</span> <span class='ocrx_word' id='word_1_348' title='bbox 562 3454 587 3511; x_wconf 93' lang='lat' dir='ltr'>si</span> <span class='ocrx_word' id='word_1_349' title='bbox 603 3453 753 3527; x_wconf 91' lang='lat' dir='ltr'>quiscum</span> <span class='ocrx_word' id='word_1_350' title='bbox 769 3450 1009 3529; x_wconf 80' lang='lat' dir='ltr'>Reifferscheidio</span> <span class='ocrx_word' id='word_1_351' title='bbox 1025 3449 1167 3510; x_wconf 85' lang='lat' dir='ltr'>Sarranae</span> <span class='ocrx_word' id='word_1_352' title='bbox 1183 3470 1200 3510; x_wconf 89' lang='lat' dir='ltr'>e</span> 
     </span>
     <span class='ocr_line' id='line_1_38' title="bbox 59 3531 1201 3616; baseline -0.002 -20"><span class='ocrx_word' id='word_1_353' title='bbox 59 3539 191 3596; x_wconf 86' lang='lat' dir='ltr'>tractatu</span> <span class='ocrx_word' id='word_1_354' title='bbox 209 3534 253 3613; x_wconf 90' lang='lat' dir='ltr'>(p.</span> <span class='ocrx_word' id='word_1_355' title='bbox 268 3536 317 3611; x_wconf 75' lang='lat'>12,</span> <span class='ocrx_word' id='word_1_356' title='bbox 331 3531 383 3616; x_wconf 80' lang='lat'>15)</span> <span class='ocrx_word' id='word_1_357' title='bbox 398 3537 555 3612; x_wconf 83' lang='lat' dir='ltr'>expulerit,</span> <span class='ocrx_word' id='word_1_358' title='bbox 571 3555 646 3612; x_wconf 92' lang='lat' dir='ltr'>quae</span> <span class='ocrx_word' id='word_1_359' title='bbox 658 3539 759 3594; x_wconf 86' lang='lat' dir='ltr'>tamen</span> <span class='ocrx_word' id='word_1_360' title='bbox 771 3536 843 3595; x_wconf 91' lang='lat' dir='ltr'>nihil</span> <span class='ocrx_word' id='word_1_361' title='bbox 857 3534 991 3610; x_wconf 90' lang='lat' dir='ltr'>estquod</span> <span class='ocrx_word' id='word_1_362' title='bbox 1003 3535 1201 3611; x_wconf 84' lang='lat' dir='ltr'>expellantur.</span> 
     </span>
     <span class='ocr_line' id='line_1_39' title="bbox 146 3615 1201 3700; baseline -0.001 -20"><span class='ocrx_word' id='word_1_363' title='bbox 146 3616 178 3700; x_wconf 80' lang='lat'>6)</span> <span class='ocrx_word' id='word_1_364' title='bbox 198 3621 323 3679; x_wconf 89' lang='lat' dir='ltr'>Actores</span> <span class='ocrx_word' id='word_1_365' title='bbox 351 3638 555 3697; x_wconf 84' lang='lat' dir='ltr'>provocamus.</span> <span class='ocrx_word' id='word_1_366' title='bbox 591 3621 627 3679; x_wconf 90' lang='lat' dir='ltr'>de</span> <span class='ocrx_word' id='word_1_367' title='bbox 655 3621 690 3679; x_wconf 89' lang='lat' dir='ltr'>iis</span> <span class='ocrx_word' id='word_1_368' title='bbox 714 3623 744 3678; x_wconf 92' lang='lat' dir='ltr'>in</span> <span class='ocrx_word' id='word_1_369' title='bbox 769 3620 951 3695; x_wconf 87' lang='lat' dir='ltr'>Adelphis</span> <span class='ocrx_word' id='word_1_370' title='bbox 972 3622 1002 3678; x_wconf 92' lang='lat' dir='ltr'>et</span> <span class='ocrx_word' id='word_1_371' title='bbox 1023 3615 1201 3680; x_wconf 87' lang='lat' dir='ltr'>Eunucho</span> 
     </span>
    </p>
   </div>
   <div class='ocr_carea' id='block_1_3' title="bbox 55 3703 1067 3767">
    <p class='ocr_par' dir='ltr' id='par_1_3' title="bbox 55 3703 1067 3767">
     <span class='ocr_line' id='line_1_40' title="bbox 55 3703 1067 3767; baseline -0.012 0"><span class='ocrx_word' id='word_1_372' title='bbox 55 3708 131 3767; x_wconf 85' lang='lat' dir='ltr'>haec</span> <span class='ocrx_word' id='word_1_373' title='bbox 146 3708 306 3764; x_wconf 88' lang='lat' dir='ltr'>narrantur</span> <span class='ocrx_word' id='word_1_374' title='bbox 1056 3703 1067 3736; x_wconf 72' lang='lat'>⁸</span> 
     </span>
    </p>
   </div>
   <div class='ocr_carea' id='block_1_4' title="bbox 56 3784 1201 4037">
    <p class='ocr_par' dir='ltr' id='par_1_4' title="bbox 56 3784 1201 4037">
     <span class='ocr_line' id='line_1_41' title="bbox 58 3784 1201 3872; baseline 0.001 -24"><span class='ocrx_word' id='word_1_375' title='bbox 58 3827 61 3834; x_wconf 93' lang='lat'>-</span> <span class='ocrx_word' id='word_1_376' title='bbox 145 3791 176 3848; x_wconf 88' lang='lat' dir='ltr'>in</span> <span class='ocrx_word' id='word_1_377' title='bbox 199 3791 357 3866; x_wconf 88' lang='lat' dir='ltr'>Adelphis:</span> <span class='ocrx_word' id='word_1_378' title='bbox 379 3791 532 3872; x_wconf 74' lang='lat' dir='ltr'>apsntibus</span> <span class='ocrx_word' id='word_1_379' title='bbox 546 3790 583 3849; x_wconf 80' lang='lat' dir='ltr'>L.</span> <span class='ocrx_word' id='word_1_380' title='bbox 599 3789 735 3850; x_wconf 77' lang='lat' dir='ltr'>Ambivio</span> <span class='ocrx_word' id='word_1_381' title='bbox 755 3794 781 3848; x_wconf 87' lang='lat' dir='ltr'>et</span> <span class='ocrx_word' id='word_1_382' title='bbox 798 3789 834 3847; x_wconf 90' lang='lat' dir='ltr'>L.</span> <span class='ocrx_word' id='word_1_383' title='bbox 851 3784 1005 3866; x_wconf 81' lang='lat' dir='ltr'>&lt;Minucio</span> <span class='ocrx_word' id='word_1_384' title='bbox 1020 3787 1201 3865; x_wconf 77' lang='lat' dir='ltr'>Protbpmo&gt;</span> 
     </span>
     <span class='ocr_line' id='line_1_42' title="bbox 61 3874 1200 3952; baseline -0.004 -15"><span class='ocrx_word' id='word_1_385' title='bbox 61 3877 116 3951; x_wconf 73' lang='lat' dir='ltr'>qai</span> <span class='ocrx_word' id='word_1_386' title='bbox 130 3893 196 3936; x_wconf 80' lang='lat' dir='ltr'>com</span> <span class='ocrx_word' id='word_1_387' title='bbox 210 3877 273 3935; x_wconf 64' lang='lat' dir='ltr'>such</span> <span class='ocrx_word' id='word_1_388' title='bbox 283 3878 420 3952; x_wconf 74' lang='lat' dir='ltr'>prepibos</span> <span class='ocrx_word' id='word_1_389' title='bbox 435 3878 545 3936; x_wconf 82' lang='lat' dir='ltr'>elium</span> <span class='ocrx_word' id='word_1_390' title='bbox 559 3876 850 3949; x_wconf 79' lang='lat' dir='ltr'>tuacpersoaoti</span> <span class='ocrx_word' id='word_1_391' title='bbox 864 3874 996 3949; x_wconf 73' lang='lat' dir='ltr'>opedani,</span> <span class='ocrx_word' id='word_1_392' title='bbox 1013 3875 1050 3932; x_wconf 86' lang='lat' dir='ltr'>cf.</span> <span class='ocrx_word' id='word_1_393' title='bbox 1061 3874 1200 3932; x_wconf 84' lang='lat' dir='ltr'>Dziatzko</span> 
     </span>
     <span class='ocr_line' id='line_1_43' title="bbox 56 3959 1200 4037; baseline -0.003 -16"><span class='ocrx_word' id='word_1_394' title='bbox 56 3979 136 4021; x_wconf 89' lang='lat' dir='ltr'>mus.</span> <span class='ocrx_word' id='word_1_395' title='bbox 152 3959 246 4018; x_wconf 83' lang='lat' dir='ltr'>Rhen.</span> <span class='ocrx_word' id='word_1_396' title='bbox 263 3959 317 4024; x_wconf 83' lang='lat' dir='ltr'>XX</span> <span class='ocrx_word' id='word_1_397' title='bbox 340 3981 367 4037; x_wconf 90' lang='lat' dir='ltr'>p.</span> <span class='ocrx_word' id='word_1_398' title='bbox 384 3962 461 4036; x_wconf 79' lang='lat'>5783</span> <span class='ocrx_word' id='word_1_399' title='bbox 484 3962 516 4020; x_wconf 89' lang='lat' dir='ltr'>in</span> <span class='ocrx_word' id='word_1_400' title='bbox 531 3960 688 4019; x_wconf 89' lang='lat' dir='ltr'>Eunucho:</span> <span class='ocrx_word' id='word_1_401' title='bbox 711 3960 863 4035; x_wconf 73' lang='lat' dir='ltr'>apsntibus</span> <span class='ocrx_word' id='word_1_402' title='bbox 883 3961 993 4018; x_wconf 80' lang='lat' dir='ltr'>ctiam</span> <span class='ocrx_word' id='word_1_403' title='bbox 1013 3963 1101 4018; x_wconf 80' lang='lat' dir='ltr'>tunc</span> <span class='ocrx_word' id='word_1_404' title='bbox 1116 3976 1200 4031; x_wconf 85' lang='lat' dir='ltr'>per·</span> 
     </span>
    </p>
   </div>
   <div class='ocr_carea' id='block_1_5' title="bbox 56 4124 1200 4398">
    <p class='ocr_par' dir='ltr' id='par_1_5' title="bbox 56 4124 1200 4398">
     <span class='ocr_line' id='line_1_44' title="bbox 130 4124 1200 4193; baseline -0.005 -14"><span class='ocrx_word' id='word_1_405' title='bbox 130 4126 138 4160; x_wconf 89' lang='lat'><strong>¹</strong></span> <span class='ocrx_word' id='word_1_406' title='bbox 158 4135 234 4180; x_wconf 88' lang='lat' dir='ltr'>certo</span> <span class='ocrx_word' id='word_1_407' title='bbox 254 4127 377 4193; x_wconf 87' lang='lat' dir='ltr'>exemplo</span> <span class='ocrx_word' id='word_1_408' title='bbox 396 4144 466 4178; x_wconf 90' lang='lat' dir='ltr'>unus</span> <span class='ocrx_word' id='word_1_409' title='bbox 486 4133 528 4177; x_wconf 87' lang='lat' dir='ltr'>cst</span> <span class='ocrx_word' id='word_1_410' title='bbox 547 4126 577 4176; x_wconf 87' lang='lat' dir='ltr'>C.</span> <span class='ocrx_word' id='word_1_411' title='bbox 592 4127 720 4177; x_wconf 85' lang='lat' dir='ltr'>Rabirius</span> <span class='ocrx_word' id='word_1_412' title='bbox 738 4125 835 4175; x_wconf 87' lang='lat' dir='ltr'>aedilis</span> <span class='ocrx_word' id='word_1_413' title='bbox 854 4127 882 4174; x_wconf 89' lang='lat' dir='ltr'>in</span> <span class='ocrx_word' id='word_1_414' title='bbox 901 4126 1028 4188; x_wconf 74' lang='lat' dir='ltr'>Hecyrae</span> <span class='ocrx_word' id='word_1_415' title='bbox 1046 4124 1200 4175; x_wconf 85' lang='lat' dir='ltr'>didascalia</span> 
     </span>
     <span class='ocr_line' id='line_1_45' title="bbox 56 4193 1197 4262; baseline -0.007 -12"><span class='ocrx_word' id='word_1_416' title='bbox 56 4199 191 4250; x_wconf 84' lang='lat' dir='ltr'>Donateu</span> <span class='ocrx_word' id='word_1_417' title='bbox 214 4213 262 4262; x_wconf 92' lang='lat' dir='ltr'>pro</span> <span class='ocrx_word' id='word_1_418' title='bbox 286 4194 335 4248; x_wconf 83' lang='lat' dir='ltr'>Cn.</span> <span class='ocrx_word' id='word_1_419' title='bbox 354 4194 481 4245; x_wconf 85' lang='lat' dir='ltr'>Cornelio</span> <span class='ocrx_word' id='word_1_420' title='bbox 505 4195 630 4245; x_wconf 87' lang='lat' dir='ltr'>Bembini</span> <span class='ocrx_word' id='word_1_421' title='bbox 655 4200 682 4245; x_wconf 87' lang='lat' dir='ltr'>et</span> <span class='ocrx_word' id='word_1_422' title='bbox 701 4193 937 4259; x_wconf 81' lang='lat' dir='ltr'>Calliopianorum</span> <span class='ocrx_word' id='word_1_423' title='bbox 961 4199 1197 4252; x_wconf 83' lang='lat' dir='ltr'>commemoratus,</span> 
     </span>
     <span class='ocr_line' id='line_1_46' title="bbox 57 4257 1199 4329; baseline -0.006 -13"><span class='ocrx_word' id='word_1_424' title='bbox 57 4267 95 4320; x_wconf 84' lang='lat' dir='ltr'>ci.</span> <span class='ocrx_word' id='word_1_425' title='bbox 120 4265 257 4315; x_wconf 83' lang='lat' dir='ltr'>Daiatzko</span> <span class='ocrx_word' id='word_1_426' title='bbox 285 4279 351 4312; x_wconf 88' lang='lat' dir='ltr'>mus.</span> <span class='ocrx_word' id='word_1_427' title='bbox 375 4264 461 4313; x_wconf 89' lang='lat' dir='ltr'>Rhen.</span> <span class='ocrx_word' id='word_1_428' title='bbox 481 4263 545 4316; x_wconf 86' lang='lat' dir='ltr'>XXI</span> <span class='ocrx_word' id='word_1_429' title='bbox 567 4280 593 4329; x_wconf 90' lang='lat' dir='ltr'>p.</span> <span class='ocrx_word' id='word_1_430' title='bbox 613 4265 651 4313; x_wconf 81' lang='grc'>73.</span> <span class='ocrx_word' id='word_1_431' title='bbox 740 4257 750 4289; x_wconf 88' lang='lat'><strong>¹</strong></span> <span class='ocrx_word' id='word_1_432' title='bbox 772 4264 807 4311; x_wconf 89' lang='lat' dir='ltr'>cf.</span> <span class='ocrx_word' id='word_1_433' title='bbox 835 4268 940 4326; x_wconf 85' lang='lat' dir='ltr'>praeter</span> <span class='ocrx_word' id='word_1_434' title='bbox 965 4261 1046 4309; x_wconf 86' lang='lat' dir='ltr'>tibias</span> <span class='ocrx_word' id='word_1_435' title='bbox 1070 4274 1141 4323; x_wconf 90' lang='lat' dir='ltr'>quae</span> <span class='ocrx_word' id='word_1_436' title='bbox 1166 4262 1199 4309; x_wconf 86' lang='lat' dir='ltr'>‹le</span> 
     </span>
     <span class='ocr_line' id='line_1_47' title="bbox 56 4327 1200 4398; baseline -0.008 -13"><span class='ocrx_word' id='word_1_437' title='bbox 56 4334 208 4398; x_wconf 85' lang='lat' dir='ltr'>Prothymo</span> <span class='ocrx_word' id='word_1_438' title='bbox 228 4333 256 4381; x_wconf 92' lang='lat' dir='ltr'>in</span> <span class='ocrx_word' id='word_1_439' title='bbox 269 4332 400 4381; x_wconf 87' lang='lat' dir='ltr'>Eunucho</span> <span class='ocrx_word' id='word_1_440' title='bbox 421 4338 448 4381; x_wconf 86' lang='lat' dir='ltr'>et</span> <span class='ocrx_word' id='word_1_441' title='bbox 468 4331 499 4381; x_wconf 88' lang='lat' dir='ltr'>de</span> <span class='ocrx_word' id='word_1_442' title='bbox 511 4332 632 4380; x_wconf 87' lang='lat' dir='ltr'>numeris</span> <span class='ocrx_word' id='word_1_443' title='bbox 645 4329 825 4379; x_wconf 82' lang='lat' dir='ltr'>didascalicis</span> <span class='ocrx_word' id='word_1_444' title='bbox 838 4332 865 4379; x_wconf 93' lang='lat' dir='ltr'>iu</span> <span class='ocrx_word' id='word_1_445' title='bbox 879 4327 1010 4394; x_wconf 83' lang='lat' dir='ltr'>Adelphis</span> <span class='ocrx_word' id='word_1_446' title='bbox 1023 4335 1051 4378; x_wconf 87' lang='lat' dir='ltr'>et</span> <span class='ocrx_word' id='word_1_447' title='bbox 1064 4329 1200 4379; x_wconf 81' lang='lat' dir='ltr'>Eunucho·</span> 
     </span>
    </p>
   </div>
   <div class='ocr_carea' id='block_1_6' title="bbox 55 4400 299 4460">
    <p class='ocr_par' dir='ltr' id='par_1_6' title="bbox 55 4400 299 4460">
     <span class='ocr_line' id='line_1_48' title="bbox 55 4400 299 4460; baseline -0.004 -6"><span class='ocrx_word' id='word_1_448' title='bbox 55 4400 194 4460; x_wconf 89' lang='lat' dir='ltr'>monenda</span> <span class='ocrx_word' id='word_1_449' title='bbox 211 4407 299 4453; x_wconf 83' lang='lat' dir='ltr'>erunt.</span> 
     </span>
    </p>
   </div>
   <div class='ocr_carea' id='block_1_7' title="bbox 0 0 1388 4830">
    <p class='ocr_par' dir='ltr' id='par_1_7' title="bbox 0 0 1388 4830">
     <span class='ocr_line' id='line_1_49' title="bbox 0 0 1388 4830; baseline 0 0"><span class='ocrx_word' id='word_1_450' title='bbox 0 0 1388 4830; x_wconf 95' lang='lat' dir='ltr'> </span> 
     </span>
    </p>
   </div>
  </div>
 </body>
</html>
