2768 4830
188 256 251 321 308
273 263 435 318 Pliabbow:
448 262 483 318 de
493 261 597 317 Donati
608 263 766 317 commento
778 262 808 316 in
816 260 976 318 Terentium
989 279 1062 332 spec.
1073 260 1306 317 observationum
1316 261 1337 318 Ι.

190 425 423 508 ἀπογράψομαί
443 447 486 491 (ε.
571 429 602 489 ΙΙ
619 431 647 502 3,
666 432 703 488 11
724 429 794 488 inde
813 433 845 489 et
865 427 964 488 ‘bonis
979 428 1117 489 invident
1131 433 1162 488 et
1177 429 1271 489 malos
1287 449 1336 489 ex·

190 515 304 574 tollunt
330 520 419 592 atque
441 515 505 575 sed’
528 519 559 574 et
580 519 685 575 cetera.
772 513 814 572 IV
832 516 859 587 3,
877 515 917 573 56
940 514 1011 591 quid
1032 515 1057 573 si
1076 514 1205 572 animam
1227 514 1335 574 debet:

190 598 338 660 Graecum
354 599 548 676 proverbium
562 600 676 677 sprevit
691 594 718 660 εἰ
733 597 769 660 δὲ
784 593 925 675 ὤφειλεν
940 595 999 659 τὰ(
1014 597 1133 673 χεῖρας.

272 685 383 763 Hecyr.
398 685 442 744 Ill
461 688 521 758 1,1
548 685 624 760 perii
645 685 718 761 qnid
738 703 823 761 agam
844 702 903 761 quo
925 704 972 744 me
990 687 1104 742 vertam
1119 684 1234 743 nescio:
1257 685 1335 743 mire

152 781 168 829 5
186 769 218 827 in
244 768 297 828 hac
319 789 423 830 scaena
443 775 474 830 et
494 771 601 830 iterum
622 771 687 829 rixa
706 773 752 830 est
774 770 964 846 seniaatque
985 788 1059 828 anus
1080 771 1229 827 ettamen
1253 769 1335 829 varie

185 857 217 912 et
245 853 303 913 alio
328 856 432 928 modo,
460 858 495 914 ut
520 873 616 914 mores
636 855 715 913 inter
735 874 766 914 se
788 854 920 914 diversos
942 857 973 914 et
992 855 1052 912 iarn
1074 856 1162 912 notos
1183 855 1335 928 possimus

186 957 357 1016 agnoscere.
443 939 516 998 ibid.
534 940 573 996 12
594 939 661 1018 hem
678 943 771 999 taces:
795 957 854 998 non
871 940 967 997 ‘muta
982 939 1035 1011 es',
1057 938 1106 997 sed
1124 938 1227 998 ‘taces'
1244 939 1333 1004 celas.

268 1023 393 1086 Phorm.
413 1024 445 1084 II
469 1028 496 1098 l,
513 1025 552 1083 81
575 1042 670 1100 neque
693 1023 765 1100 quid
787 1024 818 1082 in
840 1021 944 1084 Cilicia
962 1023 1089 1100 gesserit
1111 1023 1337 1083 demonstratur

185 1107 253 1167 ideo
276 1101 408 1191 [getham
429 1104 619 1190 exclamasse]
642 1109 711 1185 quia
732 1110 790 1166 iam
813 1109 926 1168 dictum
948 1112 993 1168 est
1013 1107 1127 1167 ‘noster
1148 1109 1178 1167 in
1196 1106 1334 1168 Ciliciam

136 1206 168 1254 10
185 1192 222 1250 ad
244 1193 394 1268 hospitem
415 1193 581 1271 antiquum’
605 1191 678 1274 (12,
698 1195 761 1268 16).
847 1193 981 1271 113,1o
1001 1192 1071 1268 quia
1090 1211 1183 1269 egens
1198 1192 1336 1253 relictast

185 1277 308 1337 misera:
342 1279 507 1338 communis
536 1278 618 1338 locus
644 1278 677 1336 in
704 1278 889 1354 avaritiam,
904 1277 1100 1355 generalitate
1126 1276 1334 1353 approbatior.

185 1362 303 1422 facilius
318 1363 399 1422 enim
416 1364 452 1422 de
468 1363 605 1422 omnibus
619 1363 676 1422 hoc
690 1382 781 1439 quam
797 1363 832 1422 de
847 1362 1032 1439 Demiphone
1047 1362 1187 1422 creditur.

272 1533 368 1591 Andr.
384 1533 398 1591 l
414 1533 444 1604 5,
460 1534 500 1592 39
522 1532 609 1591 Klotz
631 1533 711 1591 ‘lana
731 1536 762 1592 et
783 1532 844 1591 tela
863 1533 975 1592 victum
990 1531 1173 1607 quaeritans’
1190 1550 1251 1591 non
1267 1552 1334 1608 per·

184 1616 261 1674 tinet
287 1617 322 1674 ad
351 1620 562 1693 argumentum
588 1618 646 1676 nisi
668 1621 789 1694 propter
811 1618 903 1677 vitam
925 1615 1056 1694 Glycerii
1076 1616 1244 1693 intellegas.

135 1715 166 1762 15
184 1699 231 1759 IV
246 1702 275 1773 4,
294 1703 311 1759 7
334 1702 474 1778 quidnam
490 1701 571 1760 aliud
589 1703 697 1761 dicam:
716 1703 772 1762 hoc
786 1706 909 1778 propter
923 1705 1114 1777 spectatores.
1202 1700 1229 1758 V
1245 1703 1274 1774 3,
1292 1703 1335 1761 30

183 1805 311 1862 aequum
326 1787 479 1863 postulat,
496 1787 533 1846 da
546 1788 681 1845 veniam:
696 1787 855 1847 artificiose
871 1787 1038 1861 interponit
1052 1786 1226 1862 loquentem
1243 1783 1335 1846 Chre·

182 1888 261 1929 mem
290 1889 378 1946 quem
405 1871 508 1932 volens
530 1891 624 1948 usque
647 1872 682 1930 ad
704 1872 905 1950 cognitionem
926 1870 1004 1929 filiae
1024 1871 1155 1929 retinere
1176 1889 1237 1929 non
1259 1872 1336 1931 facit

183 1955 271 2015 irasci
286 1955 443 2031 Pamphilo
465 1956 503 2015 ob
524 1960 727 2032 contemptum
750 1957 826 2016 filiae
847 1975 917 2015 suae
939 1958 970 2013 et
980 1958 1111 2030 propter
1127 1956 1181 2014 hoc
1197 1956 1279 2014 abire
1297 1957 1334 2016 de

183 2040 292 2099 medio.
379 2041 456 2100 Eun.
471 2042 496 2096 V
513 2044 541 2113 3,
562 2042 599 2098 12
622 2042 671 2101 ibo
692 2043 771 2100 intro
791 2044 825 2099 ut
846 2040 882 2099 de
904 2040 1076 2115 cognitione
1096 2043 1209 2099 certum
1225 2041 1334 2099 sciam:

136 2139 168 2187 20
186 2125 340 2201 eleganter
377 2125 502 2203 fatigare
530 2126 746 2185 Parmenonem
778 2144 839 2185 non
870 2126 1069 2184 necessarium
1099 2128 1187 2201 putat
1216 2125 1267 2183 sed
1300 2145 1336 2184 ex

185 2211 346 2269 occasione.
379 2212 453 2269 adeo
469 2230 529 2271 non
544 2214 668 2288 propter
683 2231 750 2270 eum
767 2210 839 2270 dicit
855 2229 886 2270 se
902 2210 945 2269 ire
961 2210 1050 2282 intro,
1069 2210 1215 2268 exituram
1231 2214 1335 2269 autem

184 2298 219 2353 ut
234 2295 331 2370 ipsum
347 2295 378 2354 in
394 2296 534 2354 timorem
551 2296 686 2355 coniciet.

254 2461 518 2513 1·studd.·Ital.¹II
540 2480 565 2528 p.
586 2465 642 2514 192.
680 2461 778 2527 1310111
802 2461 911 2512 Graeca
980 2461 1048 2515 ibid.
1076 2478 1102 2527 p.
1122 2464 1179 2513 111.
1220 2460 1336 2514 Sallust.

184 2527 268 2580 (istil.
282 2532 319 2580 ’37
342 2531 414 2581 bonis
436 2532 562 2595 incident,
588 2535 668 2582 maios
690 2533 830 2592 extollant,
857 2526 966 2596 <cetera
991 2533 1084 2594 odere,
1107 2546 1171 2580 noca
1194 2538 1336 2597 exoptant,

184 2600 244 2648 odio
273 2612 376 2648 scarum
399 2615 484 2649 reram
506 2603 601 2648 mutari
623 2601 706 2649 omnia
727 2601 845 2649 student:
872 2593 968 2666 turba>
991 2607 1066 2663 atque
1089 2598 1255 2648 seditionibus
1278 2606 1335 2649 etc.

252 2668 268 2716 3
291 2667 357 2716 ibid.
381 2681 407 2731 p.
427 2670 485 2717 134.
519 2667 614 2731 quidni
637 2663 810 2717 addiscamus
833 2666 889 2717 tale
909 2668 1033 2715 extitisse
1051 2666 1237 2729 proverbium:
1261 2668 1338 2731 quod

128 2778 132 2783 .
184 2733 257 2798 apud
275 2734 469 2799 Apollodorum
493 2734 579 2784 fuisse
598 2736 644 2784 vix
662 2736 716 2784 iam
733 2734 880 2796 negaveris
958 2732 1156 2798 sibiipsa
1234 2735 1336 2785 iibid.

183 2801 536 2921 ¹²·1¹2i².111.⁸0¹t¹.l{'..¹lt¹2
555 2801 853 2921 ?.⁰.i³‘³;.33⁵.⁸·.li.t
872 2804 936 2918 iii
962 2816 1037 2919 3⁹⁶
1061 2800 1337 2921 teteritas

183 2883 305 3002 biempla
324 2906 541 3004 frequentiorum
611 2887 646 2989 if.
666 2938 751 2992 schol.
773 2939 844 3003 quod
857 2907 1006 2988 'antebadit
1024 2942 1052 2986 et
1070 2939 1083 2987 I
1103 2940 1127 3000 1,
1143 2885 1247 2987 ‘dapib
1265 2940 1301 2988 48

254 3057 267 3104 1
287 3068 460 3122 απογραφην
478 3070 559 3108 τοναι
578 3057 614 3107 V:
631 3054 802 3121 γἀποετροφὴ
821 3054 1045 3115 <circumsita
1115 3058 1130 3104 2
1150 3057 1227 3121 atqui
1246 3057 1336 3108 sedet

185 3123 240 3172 RV
262 3126 351 3188 optimi
373 3131 458 3191 atque
482 3125 560 3174 sedet
578 3142 607 3175 a:
631 3127 722 3191 inquit
740 3125 796 3178 Sal.
815 3131 843 3173 et
861 3123 929 3174 Sabb
946 3126 1072 3188 culpatam
1090 3124 1216 3186 Stephani
1232 3133 1336 3176 secatus

252 3194 268 3242 3
288 3191 405 3258 sprevit]
425 3195 463 3243 sic
477 3193 550 3243 libri:
568 3195 715 3258 usurpavit
727 3192 795 3242 Sabb
810 3200 869 3256 post
883 3191 1031 3255 Benttepan
1099 3190 1336 3255 ετλεοφηλεντάσ

184 3256 274 3323 χήραο
294 3259 326 3323 V,
349 3261 400 3312 Ma.
418 3261 632 3325 Lindenbrogii:
657 3257 682 3312 εἰ
704 3260 734 3313 δὲ
753 3258 869 3323 ὤφελον
886 3256 938 3310 τὰ(
955 3256 1047 3322 ψυχά(
1066 3259 1134 3310 Sabi
1151 3263 1214 3325 vaip.
1232 3270 1336 3312 secretas

185 3344 250 3394 qaae
275 3344 310 3377 ea
334 3331 445 3395 antiquis
468 3329 620 3379 editionibus
639 3330 716 3392 fiuxit
796 3330 811 3378 6
831 3325 893 3394 iam]
912 3333 1005 3376 tamen
1024 3329 1083 3378 libri
1162 3330 1272 3377 imuta
1291 3327 1334 3396 es]

184 3411 248 3445 num
268 3396 317 3458 (vet
328 3394 412 3463 nunc)
425 3401 503 3447 taces
515 3398 575 3447 libri
642 3399 657 3448 9
677 3396 787 3462 getham
803 3396 973 3445 exclamasse
986 3396 1052 3448 RV:
1072 3411 1118 3445 cm.
1133 3397 1195 3448 dett.
1268 3399 1335 3461 quia

184 3465 239 3513 iarn
265 3480 311 3514 om.
335 3464 360 3513 R
445 3464 507 3514 ideo
530 3462 637 3532 (quia)
660 3464 778 3515 Getham
796 3463 967 3514 exclamasse
985 3463 1087 3514 dietum
1107 3469 1150 3513 est
1168 3463 1238 3514 Sabb
1256 3466 1335 3516 emR

255 3536 284 3581 ll
305 3535 428 3583 avaritia
446 3533 520 3582 libri:
539 3535 675 3584 avaritiae
695 3533 881 3598 generalitate
898 3535 963 3596 culp.
982 3531 1051 3582 Sabb

255 3602 286 3650 13
304 3601 425 3651 baeterrae
444 3600 623 3651 Sabbadinias.
654 3618 700 3666 epo
713 3599 836 3652 adhibebo
848 3601 927 3651 libros
939 3600 1000 3650 hos:
1017 3602 1044 3649 in
1056 3601 1185 3650 Andria
1204 3601 1245 3650 Aa
1258 3599 1332 3662 (inde
1370 3649 1373 3654 .

185 3666 423 3733 allatumque
437 3685 532 3734 aeq.
546 3683 605 3719 sum
619 3666 713 3734 miser)
726 3666 869 3734 V[eDBt]
883 3667 1033 3718 Eunucho
1046 3685 1060 3717 c
1074 3666 1163 3732 (rapae
1175 3670 1211 3718 ad
1222 3667 1272 3718 ΙΙΙ
1283 3671 1332 3729 2,1

185 3750 282 3785 sensus
300 3737 362 3785 visa
381 3735 520 3799 dicuntur)
538 3734 655 3804 V[eDl]
673 3738 833 3803 Adelphis
852 3739 873 3785 A
893 3738 981 3801 (aeque
994 3738 1029 3785 ad
1041 3735 1058 3784 Ι
1066 3737 1090 3797 1,
1100 3737 1134 3784 ro
1147 3736 1269 3786 modeste
1284 3736 1332 3786 ad·

186 3803 273 3853 ditum
295 3804 369 3865 mea)
388 3803 479 3854 VeDi
502 3806 635 3869 Hecyra
656 3822 670 3855 a
695 3806 801 3866 (Ille,
821 3808 853 3854 16
875 3809 903 3854 te
928 3819 952 3858 e.
975 3804 1044 3853 bene
1068 3805 1177 3868 excepit
1197 3819 1275 3870 usqae
1297 3807 1334 3855 ad

189 3873 215 3922 V
231 3873 258 3934 2,
276 3873 293 3922 8
313 3871 428 3922 feliciter
450 3888 535 3923 ausus
559 3873 612 3933 est)
637 3871 744 3939 went]
764 3873 950 3923 Phormione
970 3872 1069 3929 VeDi,
1094 3872 1128 3932 ef.
1149 3871 1227 3922 Sabb.
1244 3875 1331 3923 studd.
1372 3887 1375 3891 ·

185 3939 248 3990 Ital.
267 3939 301 3990 II
328 3940 483 3991 Wesaneras
505 3957 567 3990 mus.
589 3942 670 3992 Rhea.
694 3941 755 3991 LII
776 3958 802 4005 p.
821 3943 853 3990 69
870 3955 928 4005 sqq.
951 3956 985 3990 ex
1007 3941 1046 3990 his
1067 3940 1164 3989 scholia
1186 3955 1236 3990 non
1255 3943 1347 4003 plene,

186 4009 310 4059 adnotavi
324 4010 372 4059 sed
389 4010 571 4059 emendationis
586 4009 775 4072 fundamentum
793 4009 904 4058 breviter
921 4009 1047 4065 indicaui·
1071 4009 1224 4058 deteriorum
1242 4008 1333 4059 eDBt

185 4077 304 4127 mimdias
320 4079 473 4142 singulorum
491 4078 582 4127 curcei
597 4093 727 4144 nusquam.
757 4080 819 4126 tatia
837 4083 919 4126 autem
937 4079 1070 4127 emendata
1085 4091 1206 4141 propono
1224 4076 1266 4126 ahi
1277 4093 1332 4127 cant

186 4145 261 4193 lectio
279 4147 392 4196 ecdicum
409 4149 449 4196 uel
465 4148 490 4194 in
508 4148 611 4208 culpata
622 4151 662 4196 cel
673 4148 699 4194 in
711 4146 822 4210 antiquis
834 4144 985 4194 editionibus
997 4147 1046 4194 iam
1058 4151 1198 4208 prostaret,
1218 4146 1333 4196 editores

186 4226 270 4261 ceram
297 4216 442 4277 nepteoeisse
469 4215 528 4263 cidi.
570 4220 646 4280 atque
668 4217 737 4264 intra
760 4213 823 4263 haec
845 4228 910 4262 nunc
932 4228 969 4263 me
992 4216 1108 4265 contineo
1131 4229 1163 4262 ne
1185 4215 1216 4262 de
1239 4215 1333 4264 alienis

186 4281 267 4342 copiis
292 4283 418 4346 prodigas
442 4283 532 4332 uidear
618 4283 651 4331 14
675 4277 795 4347 propter]
819 4286 882 4346 post
903 4281 964 4331 libri
984 4285 1062 4347 culp,
1091 4285 1147 4329 item
1172 4283 1211 4331 15.
1236 4282 1274 4335 18.
1299 4285 1331 4332 21

255 4350 286 4397 21
307 4350 416 4400 exitura
435 4349 495 4400 libri
561 4351 593 4399 22
612 4347 652 4416 ut]
670 4352 693 4399 1.·
711 4365 756 4401 cm.
776 4357 837 4402 cett.
907 4349 996 4415 ipsum
1016 4367 1062 4402 om.
1080 4350 1105 4399 V
