2768 4830
189 311 251 377 326
274 316 435 373 Phabbovv:
447 317 482 372 de
490 315 595 373 Donati
607 317 764 372 commento
775 315 806 371 in
814 314 976 372 Terentium
988 325 1063 388 epea:
1071 313 1306 370 observationum
1315 313 1338 373 1.

189 487 336 547 coactis
354 485 393 549 L.
409 484 551 546 Numidia
571 485 729 561 Protbpmo
743 483 782 545 L.
797 482 933 544 Ambivio
949 484 1112 559 Turpione,
1134 483 1171 543 cf.
1187 484 1335 546 Dziatzko

192 588 269 630 mus.
283 569 380 630 Rheu.
394 569 465 630 XXI
479 589 510 644 p.
526 572 576 630 66.

274 655 416 714 Doctrina
437 654 489 714 illa
504 654 660 726 insulsius,
685 656 719 713 ut
734 655 905 713 observavit
920 653 1078 726 Dziatzlro,
1100 656 1219 730 arrepta
1235 656 1283 714 est
1299 673 1336 714 ex

187 741 317 800 tractatu
339 737 382 816 (p.
401 741 449 811 10,
469 735 516 818 ll:
533 741 730 814 personati
745 741 839 814 primi
860 740 978 815 cpieeo
997 739 1136 799 cibantur
1154 739 1337 800 comoediam

188 819 306 886 diadas
319 825 463 898 Faliscus,
478 825 657 901 trupocdiom
671 823 865 885 Minacias
879 823 1112 899 Protbpmua.

271 909 308 969 In
331 909 472 969 ceteris
486 909 530 968 nil
544 908 700 969 eiusmodi.
729 911 762 967 at
775 909 807 967 in
821 908 867 967 his
882 907 917 967 L.
933 907 1115 984 Prothymus
1130 925 1192 967 nou
1207 912 1265 982 est,
1283 909 1336 985 qni

190 993 283 1070 igitur
312 996 451 1070 poteraut
479 994 532 1053 illa
561 991 675 1053 inseri?
712 1011 783 1069 ergo
813 992 885 1053 haec
913 992 1034 1070 quidem
1063 993 1095 1052 iu
1124 991 1273 1069 Adelphis
1304 998 1337 1052 et
1374 1056 1376 1070 Ι

189 1078 333 1138 Eunucho
352 1078 520 1155 proprietas
543 1078 677 1154 quamvis
700 1096 765 1137 cum
788 1076 959 1137 condicione
981 1077 1078 1153 qualis
1098 1076 1157 1136 iam
1179 1076 1336 1153 explorata

189 1167 235 1223 est
253 1163 372 1223 illarum
393 1163 611 1238 praefationum
633 1161 709 1221 bene
729 1163 901 1238 conveniat,
927 1161 1014 1221 facile
1034 1167 1135 1221 tamen
1157 1162 1333 1238 explicatur.

188 1248 240 1307 sed
251 1248 431 1325 Prothymus
446 1249 509 1324 ipse
525 1248 556 1306 in
568 1247 712 1307 Eunucho
727 1250 832 1306 eontra
843 1264 1018 1306 consensum
1030 1246 1168 1307 Bembini
1180 1253 1212 1306 et
1224 1245 1332 1307 Callio-

194 1332 349 1408 pianorum
365 1352 383 1392 a
397 1332 516 1393 Donato
532 1331 686 1391 inducitur
700 1350 754 1408 pro
769 1331 806 1390 L.
821 1331 917 1391 Atilio
932 1330 1142 1391 Praenestino:
1157 1331 1240 1391 idem
1255 1349 1333 1392 oom-

188 1425 372 1476 memoratur
395 1417 426 1477 iu
446 1419 591 1477 tractatu:
619 1417 687 1476 vide
707 1435 745 1475 an
767 1416 911 1476 debeatur
932 1415 1109 1476 scholiastae
1129 1417 1182 1492 qui
1204 1435 1282 1493 quae
1303 1419 1333 1478 iu

190 1505 318 1562 tractatu
333 1502 447 1579 legerat
462 1502 631 1562 didascaliis
647 1500 835 1561 obtundebat.
867 1501 893 1560 si
908 1518 977 1560 varo
992 1500 1043 1560 ille
1059 1501 1190 1560 obtrusit
1203 1499 1331 1580 Prothy·

190 1605 273 1645 mum
297 1586 456 1659 Eunucho,
491 1605 543 1645 cur
568 1605 628 1645 non
654 1586 726 1645 item
752 1586 882 1644 Andriae
909 1582 1043 1663 Hecyrae
1068 1585 1264 1648 Phormioni?
1304 1589 1331 1647 in

188 1669 332 1747 Adelphis
347 1672 425 1730 enim
440 1672 497 1729 iam
514 1672 624 1730 aderet.

273 1757 304 1835 7)
322 1755 415 1814 Tituli
443 1756 612 1815 didascalici
637 1756 668 1814 iu
693 1755 928 1831 praefationibus
949 1755 1004 1814 hoo
1025 1755 1129 1815 ordine
1150 1757 1331 1832 procedunt:

297 1875 329 1934 in
345 1874 459 1934 Andria
474 1877 505 1933 et
520 1874 638 1950 Hecyra
853 1873 885 1932 iu
901 1873 1046 1948 Adelphis
1061 1878 1093 1932 et
1107 1874 1255 1935 Eunucho

229 1977 323 2035 lludi
817 1974 910 2034 Iludi
984 2015 990 2026 .

219 2060 250 2120 II
264 2062 374 2120 aediles
801 2059 833 2118 II
848 2059 973 2134 aediles;
990 2059 1098 2121 desunt
1112 2061 1144 2120 in
1160 2062 1312 2140 Adelphis

205 2145 251 2205 IlI
266 2148 349 2206 actor
364 2146 411 2205 vel
427 2149 541 2205 actores
786 2144 833 2203 III
848 2149 962 2204 actores

206 2229 248 2289 IV
264 2231 443 2305 modulator,
458 2231 549 2290 tibiae
789 2228 832 2288 IV
848 2229 1027 2302 modulator,
1043 2230 1134 2289 tibiae

221 2313 327 2375 Vtota
354 2314 479 2388 Graeca,
502 2315 540 2376 cf.
563 2313 745 2373 Ritsobelius
902 2313 1038 2373 diverbia
1053 2317 1083 2373 et
1098 2316 1212 2376 cantica

187 2460 189 2464 ,
261 2419 378 2477 parerg.
399 2420 428 2476 p.
446 2401 508 2460 264
524 2419 569 2476 aq.
605 2397 745 2458 Daiatuho
900 2417 1026 2474 persona
1040 2401 1185 2476 probatica

261 2504 336 2545 mus.
351 2485 446 2544 Rheu.
462 2484 518 2544 XX
533 2485 594 2544 692
610 2503 655 2560 sq.

208 2567 251 2627 VI
266 2575 357 2646 quota
386 2570 504 2641 fabule,
534 2568 685 2644 consules3
715 2568 747 2626 in
788 2567 832 2626 VI
847 2569 1064 2644 quotafabula3
1079 2569 1332 2635 desuutooneules

261 2654 377 2714 Andria
410 2672 551 2713 uumerus
587 2653 674 2712 initio
704 2652 746 2710 di·
772 2651 832 2711 VII
848 2653 1004 2729 inscriptio
1020 2655 1138 2715 fabulae

262 2740 408 2798 daaoaliae
424 2739 538 2814 positus
806 2736 865 2796 Ve
890 2738 999 2813 quibus
1032 2738 1153 2799 Graecis
1180 2743 1331 2816 ‚contami

189 2822 248 2882 VlI
261 2817 443 2904 (inAndria)
452 2824 607 2898 inscriptio
617 2821 744 2881 fabulae.
846 2829 931 2897 nata3
959 2823 1013 2882 hoo
1040 2825 1071 2882 in
1093 2825 1240 2902 Adelphis
1263 2832 1333 2904 post

188 2916 366 2985 sequuntur:
849 2907 1073 2984 discriptionem
1092 2912 1213 2969 actuum
1229 2911 1334 2989 depul-

316 2993 451 3052 diverbia
466 2997 497 3052 et
511 2993 624 3052 cantica
846 3011 913 3052 sum
929 2997 976 3051 est
990 2988 1033 3070 (p.
1051 2995 1080 3070 9,
1098 2996 1135 3053 18
1151 2993 1265 3074 auu).

315 3097 439 3154 persona
454 3078 601 3153 probatica

273 3196 372 3274 Igitur
391 3197 422 3255 in
443 3196 588 3271 Adelphis
611 3199 642 3254 et
658 3195 803 3256 Eunucho
825 3195 980 3255 interiecta
1001 3200 1071 3256 sunt
1091 3200 1160 3273 post
1182 3203 1274 3276 caput
1289 3198 1332 3260 IV

191 3280 307 3360 (tibias)
330 3281 462 3341 diverbia
483 3284 514 3340 et
534 3281 663 3353 cantica,
687 3300 762 3356 quae
784 3299 837 3340 our
857 3280 1032 3341 hicinserta
1048 3283 1192 3358 slutpost
1208 3302 1332 3362 eaquae

190 3386 279 3443 supra
300 3367 516 3442 disputavimus
536 3365 685 3424 neminem
707 3365 827 3439 latebit,
850 3366 939 3424 simul
959 3384 1084 3441 persona
1099 3368 1264 3442 pretatioa:
1288 3387 1332 3429 se·

191 3457 324 3528 quuntur
345 3451 450 3510 deiude
471 3452 569 3526 capita
584 3449 626 3508 VI
647 3450 695 3509 cui
716 3450 852 3510 consules
873 3451 983 3511 desunt
1003 3451 1034 3510 in
1051 3454 1194 3528 utraque,
1217 3458 1248 3512 et
1263 3453 1331 3530 vn,

191 3537 304 3596 claudit
319 3555 427 3614 agmen
442 3539 530 3611 eaput
544 3533 572 3590 V
588 3538 618 3593 et
632 3534 663 3592 id
678 3534 765 3610 plane
781 3539 1003 3595 commutatum.
1027 3541 1058 3595 et
1073 3537 1153 3595 enim
1169 3538 1199 3596 iu
1216 3539 1332 3600 Andria
1374 3536 1376 3541 ’

191 3628 222 3680 et
236 3622 352 3698 Hecyra
374 3624 462 3679 breve
483 3627 544 3679 est:
566 3624 625 3679 tota
641 3616 769 3695 Graeca3
790 3639 823 3679 ao
838 3621 947 3679 licebat
961 3625 1064 3696 poetae
1079 3639 1187 3680 nomeu
1202 3625 1285 3698 quod
1301 3626 1332 3684 iu

190 3706 357 3765 didascaliis
378 3705 500 3782 adiungi
523 3705 599 3764 solet
620 3705 777 3779 omittere,
798 3706 939 3782 quoniam
957 3707 1043 3765 initio
1059 3708 1252 3781 praelationis
1269 3709 1332 3769 lau·

190 3792 292 3850 datum
319 3797 385 3850 erat
406 3789 449 3867 (p.
467 3791 541 3864 aa.
561 3790 608 3860 12,
626 3786 668 3867 9).
705 3789 792 3848 aliter
816 3791 847 3848 in
869 3789 1012 3865 Adelphis
1034 3797 1064 3848 et
1085 3790 1243 3852 Eunucho:
1271 3812 1333 3855 nou

191 3882 277 3951 poeta
303 3876 391 3935 modo
417 3875 496 3933 redit
520 3874 571 3933 sed
597 3875 687 3932 etiam
712 3874 788 3932 duae
809 3873 953 3947 Graecae,
979 3893 995 3933 e
1018 3875 1126 3950 quibus
1147 3895 1205 3935 una
1227 3877 1332 3938 fabula

193 3961 370 4020 Terentiana
395 3960 596 4019 contaminata
620 3962 681 4035 est,
708 3977 743 4016 ex
764 3959 886 4035 prologo
906 3961 1099 4034 repetuntur,
1126 3961 1216 4038 idque
1238 3967 1275 4022 ut
1294 3964 1332 4024 ad

192 4050 416 4105 retractatorem
432 4045 562 4119 aliquem
578 4042 763 4102 referendum
779 4061 844 4102 esse
859 4043 1031 4121 intellegas,
1045 4063 1105 4104 nou
1121 4046 1229 4107 desunt
1243 4048 1336 4110 initio

193 4130 385 4205 praelationis
401 4147 476 4206 quae
492 4129 523 4187 in
539 4128 645 4186 ceteris
660 4127 856 4187 inveniuntur
870 4128 987 4188 eadem:
1009 4136 1049 4191 eat
1063 4132 1153 4207 ipitar
1168 4131 1334 4196 Menandri
1374 4142 1376 4207 l

191 4220 234 4289 (p.
252 4216 279 4288 6,
299 4213 360 4289 16),
378 4220 403 4274 et
418 4220 458 4274 cst
467 4213 594 4288 palliola
609 4212 773 4273 Menandri
785 4218 866 4273 oetas
882 4211 925 4293 (p.
942 4216 971 4289 9,
989 4210 1052 4291 19).
1077 4219 1216 4291 poterant
1230 4223 1333 4279 autem
1373 4210 1376 4249 ²

192 4299 265 4359 duae
282 4298 409 4358 Graecae
424 4299 518 4373 repeti
534 4298 622 4354 etiam
638 4298 668 4356 in
684 4297 844 4356 Andria:
860 4316 912 4357 cur
927 4317 987 4358 uou
1003 4299 1201 4376 repetuntur?
1374 4272 1376 4410 ³

276 4384 429 4459 Adelphos
450 4383 543 4459 igitur
559 4389 589 4441 et
604 4381 764 4442 Eunuchus
781 4382 943 4444 ostendunt
959 4403 1077 4443 manum
1093 4387 1287 4449 retractantis
1302 4390 1335 4450 iu
1374 4418 1376 4457 ς
