2768 4830
136 208 289 301 theoton:
301 239 336 297 de
345 240 449 299 Donati
460 242 619 301 commento
630 241 659 297 in
668 239 829 301 Terentium
842 242 1150 313 epeaobeervatiouum
1161 242 1183 300 Ι.
1204 235 1268 305 335

72 417 79 473 ζ
127 405 160 465 ad
184 407 404 475 diiudicandum
426 409 507 486 quali
529 410 590 471 fere
612 410 690 472 libro
707 408 867 473 scholiasta
883 429 965 470 suam
981 429 1152 471 scaenarum
1168 411 1268 472 distri·

125 486 275 552 bulionem
297 493 412 553 debeat.
443 513 518 571 quae
539 496 598 554 iam
620 496 675 554 sub
698 513 758 553 uno
779 501 939 570 conspectu
955 513 1105 571 propono,
1127 500 1161 556 nt
1176 495 1266 556 simul

120 581 267 653 appareat
280 597 370 655 quam
385 578 521 640 diversus
535 580 586 640 ille
601 580 678 639 liber
694 579 785 640 fuerit
800 599 817 638 a
832 579 943 639 familia
958 577 1029 644 DG.

164 716 169 723 ·
210 677 374 740 Scholiasta
388 699 508 740 scaenas
525 681 658 758 disponit

226 785 357 842 contra
372 800 592 843 consensum
609 783 781 842 Bembini
797 788 833 840 et
848 782 1048 858 calliopii:

357 866 490 943 Hecyrae
505 870 587 928 tertio
604 869 683 928 anui
697 868 767 928 haec
782 868 987 928 ascribuntur:
1002 871 1165 943 conquestio
1174 868 1264 930 Pam·

266 951 343 1026 phili
359 969 477 1027 percura
498 954 646 1013 redeuutes
667 953 702 1013 dc
722 969 821 1012 amore
839 969 893 1012 suo
914 955 991 1013 circa
1010 971 1130 1014 uuorem
1146 950 1263 1034 nparti·

270 1037 339 1097 tudo
353 1035 547 1098 Philumenae
566 1032 571 1118 Ι
589 1038 738 1098 Sostratae
759 1038 847 1096 uerba
860 1055 949 1111 super
962 1039 1145 1114 aspritudine
1157 1056 1263 1100 nurus.

354 1121 490 1180 ante‘III
515 1127 540 1193 1,
558 1123 597 1181 38
614 1122 715 1198 Umpf.
737 1140 815 1181 noua
835 1140 941 1181 scaena
961 1123 1080 1182 incidit.
1114 1124 1204 1183 item
1225 1124 1263 1183 in

272 1205 432 1265 scholiis
457 1206 639 1266 Donateis
665 1206 816 1266 codices
842 1211 910 1265 ante
936 1206 1044 1266 lemma
1069 1213 1131 1268 tace
1150 1209 1263 1269 obsecro

270 1309 336 1351 meu
354 1296 447 1365 onata
463 1286 532 1371 (38)
552 1310 647 1352 novae
662 1310 785 1351 scaenae
800 1292 921 1350 initium
937 1293 1085 1352 exhibent.
1102 1324 1143 1335 -
1158 1293 1263 1353 Bemh.

271 1380 302 1436 et
317 1373 392 1435 Call.
409 1394 469 1434 non
484 1377 622 1435 incidunt

223 1475 803 1553 contra‘OalliopiumBemhino
821 1477 1046 1536 deficientes

356 1561 487 1620 Andriae
506 1563 722 1622 secundianus
736 1563 806 1623 haec
819 1567 907 1622 sunt:
929 1560 1054 1622 OEarini
1066 1564 1154 1623 uerba
1165 1566 1263 1638 primo

138 1649 145 1654 “
269 1664 336 1707 cum
355 1646 468 1722 Byrria
492 1665 574 1707 seruc
600 1652 712 1721 etpost
739 1665 805 1707 cum
830 1649 892 1722 urso
912 1647 1066 1722 Pamphilo
1093 1649 1128 1708 de
1148 1651 1262 1723 nuptiis

268 1731 461 1792 Philumenae
477 1728 525 1810 (1)
546 1731 649 1804 (1)αυὶ
668 1735 848 1792 interuentus
863 1729 909 1809 (2)
934 1728 944 1811 Ι
966 1750 1032 1792 cum
1053 1750 1084 1793 ec
1099 1733 1257 1807 disputatio

183 1823 186 1826 ’
270 1817 305 1876 de
318 1817 431 1890 nuptiis
447 1812 494 1896 (3)
515 1817 519 1890 Ι
537 1817 687 1891 Pamphili
700 1834 793 1877 sermo
809 1835 875 1877 cum
885 1822 972 1891 patre
988 1816 1033 1893 (5)

355 1905 462 1977 quarto
489 1920 594 1962 scaena
620 1908 673 1960 aut
694 1902 904 1977 praetermissa
927 1909 973 1961 est
994 1908 1046 1960 aut
1067 1921 1133 1961 cum
1153 1903 1261 1978 quinta

270 1985 329 2045 luit
350 1987 523 2055 coniuncta,
544 1992 579 2044 ut
600 1987 720 2045 videtur
741 1986 928 2046 coniunxisse
952 1985 1046 2048 schol.
1068 1987 1103 2044 ad
1125 1984 1156 2046 11
1177 1989 1212 2060 4,
1234 1993 1262 2047 1.

219 2077 224 2083 ’
268 2087 390 2130 scaenae
413 2071 430 2127 2
454 2074 484 2128 et
505 2073 523 2130 3
546 2072 713 2130 disiunctae
735 2073 821 2146 sunt,
846 2071 918 2129 item
941 2091 957 2128 a
978 2070 1070 2131 schol.
1092 2072 1128 2129 ad
1152 2073 1263 2150 2,1es

106 2152 110 2157 ’
270 2156 300 2227 3,
320 2158 346 2216 1.
362 2185 403 2197 —
419 2153 581 2230 Oalliopius
597 2157 615 2213 2
632 2157 697 2214 et'3
714 2156 876 2214 coniunxit.
1252 2214 1255 2219 ,

162 2240 167 2245 “
354 2241 502 2316 pergitur:
531 2237 542 2320 ΙΙ
568 2241 697 2317 Byrrius
725 2241 813 2299 amba
838 2236 844 2320 Ι
867 2240 949 2300 Davi
974 2241 1080 2301 callida
1098 2243 1190 2301 oratio
1211 2243 1263 2303 ad-

267 2342 480 2386 uersussenem
495 2324 552 2405 (6).
618 2400 621 2405 Ι

353 2408 476 2486 Byrrius
501 2411 591 2470 verba
615 2407 716 2484 (115,
740 2406 889 2485 14-20)
919 2410 1099 2484 peculiarem
1124 2429 1259 2469 scaenam

269 2494 413 2567 efficiunt,
428 2495 498 2569 quia
513 2495 687 2570 Pamphilus
703 2499 773 2553 ente
788 2513 823 2552 ea
837 2496 991 2568 ingressus
1006 2501 1052 2554 est
1061 2540 1070 2572 ,
1085 2500 1154 2571 post
1168 2514 1202 2554 ea
1217 2498 1260 2555 in-

268 2579 404 2657 greditur
419 2580 525 2656 Byrria
539 2580 611 2656 ipse.
629 2611 667 2621 -
685 2580 774 2637 aliter
790 2577 953 2655 Calliopius

221 2700 299 2742 cum
316 2681 510 2758 calliopio
527 2686 656 2741 contra
672 2681 903 2739 Bembinum:

352 2767 540 2826 Phormionis
566 2768 649 2826 tertio
677 2767 757 2825 anui
778 2766 966 2825 attribuitur:
993 2767 1119 2842 titinium
1137 2769 1262 2827 senisu

185 2924 188 2929 p
266 2851 456 2912 Phormionis
471 2848 482 2929 Ι
498 2857 560 2910 tum
575 2852 747 2911 consultatio
762 2868 827 2910 eum
842 2851 988 2911 aduocatis

356 2939 430 2995 duae
446 2954 567 3000 scaenae
582 2945 616 2993 ut
632 2934 706 2994 Call.
724 2935 923 3013 Eugraphius,
937 2954 998 2994 una
1013 2937 1043 2994 in
1059 2936 1212 2997 Bembina.

199 3035 316 3114 Agmen
333 3038 475 3097 claudunt
490 3037 547 3095 duo
563 3037 620 3095 loci
637 3026 712 3112 quos
729 3036 881 3094 miramur.
910 3036 1046 3096 Eunuchi
1062 3038 1140 3096 enim
1156 3040 1258 3101 tertius

110 3116 200 3183 “chre
210 3123 403 3184 meconem
415 3124 548 3198 euprimit
558 3122 659 3182 militis
671 3126 696 3180 et
703 3121 832 3194 parasiti
837 3138 893 3194 per
903 3123 1061 3181 ridiculum
1071 3119 1259 3205 computant

111 3190 179 3267 Μ
196 3208 399 3268 incitationem
420 3210 460 3269 ad
481 3226 581 3268 cenam
600 3207 724 3266 Thaidis
745 3201 756 3282 ΙΙ
777 3211 839 3264 tum
859 3206 1031 3266 oblationem
1045 3210 1121 3268 uelut
1136 3211 1261 3270 emmchi

118 3278 261 3354 Chaereae
280 3297 307 3353 et
322 3294 438 3367 puellae
453 3311 487 3353 ec
501 3291 655 3366 Aethiopia
666 3309 721 3365 per
735 3290 950 3351 Parmenonem
963 3292 1074 3362 factam
1090 3290 1141 3371 (oi.
1159 3294 1259 3354 studd.

86 3392 93 3403 ·
118 3361 185 3437 Ital.
199 3375 247 3436 111
261 3398 291 3453 p.
308 3377 400 3453 255);
422 3377 610 3436 Phormionis
631 3381 769 3450 quamum
791 3380 888 3436 actum
903 3378 960 3435 ista
974 3378 1186 3438 concelebrant:
1208 3379 1260 3437 ad·

119 3467 216 3524 curae
228 3458 384 3524 Chremetis
398 3495 438 3505 -
455 3460 501 3538 (1)
522 3461 527 3536 Ι
547 3459 635 3521 Gelae
649 3462 737 3520 uerlm
752 3461 787 3520 de
799 3460 937 3532 fallendis
949 3462 1068 3520 senibus
1080 3456 1126 3540 (2)
1147 3463 1151 3538 Ι
1170 3460 1259 3522 Anti·

72 3514 81 3707 Ι
118 3546 219 3619 phanis
239 3549 332 3607 oratic
352 3549 433 3622 ophed
451 3552 538 3607 semet
557 3548 654 3620 ipsum
676 3548 710 3605 de
731 3563 828 3605 amore
848 3549 1003 3605 tractantis
1018 3542 1029 3623 ΙΙ
1047 3544 1136 3606 Getae
1153 3565 1259 3608 rursus

119 3648 180 3695 mm
193 3632 313 3693 mnibus
327 3633 432 3693 solima
450 3633 660 3706 -disputatio
677 3625 731 3710 (3).
759 3631 837 3688 unde
856 3631 881 3688 si
896 3631 984 3689 modo
999 3632 1076 3691 ratio
1092 3631 1122 3689 in
1138 3650 1258 3692 enume-

72 3788 74 3793 ,
116 3717 209 3778 raudo
224 3714 400 3777 scholiastae
416 3721 543 3788 constal,
559 3715 696 3774 Eunuchi
711 3735 728 3773 a
743 3713 819 3773 1112
834 3714 891 3773 v.8
909 3713 1021 3790 Umpf.,
1038 3715 1226 3776 Phormionis
1242 3737 1259 3775 a

72 3848 74 3855 -
115 3802 194 3865 1v3
216 3802 277 3862 v.4
298 3820 404 3861 novam
427 3803 471 3860 illi
493 3820 625 3861 scaenam
647 3800 779 3874 coepisse
801 3798 970 3858 concludas.
1006 3820 1061 3861 nea
1081 3820 1183 3861 vereor
1203 3801 1258 3859 hoc

114 3889 247 3951 statuere
272 3888 408 3962 quamvis
435 3888 520 3946 libris
542 3886 728 3946 Terentianis
759 3884 1013 3945 dissentientibus.
1049 3905 1118 3945 nem
1140 3885 1258 3944 duobus

72 4014 85 4031 .
112 3971 188 4034 locis
202 3971 234 4031 id
250 3988 404 4030 commune
417 3976 463 4031 est
476 3973 555 4048 quod
568 3988 694 4047 persona
707 3988 781 4045 quae
793 3989 810 4026 a
822 3969 927 4028 ceteris
939 3988 1035 4046 neque
1048 3971 1150 4029 audita
1161 3988 1258 4045 neque

72 4098 77 4113 .
111 4058 178 4119 visa
198 4056 230 4115 in
253 4056 419 4132 posteriore
439 4065 524 4132 parte
547 4056 715 4131 proscaenii
738 4073 837 4114 secum
858 4054 959 4113 locuta
979 4064 1040 4126 est,
1064 4055 1204 4131 prodiens
1227 4055 1257 4113 in

72 4150 78 4225 '¹
112 4141 304 4217 conloquium
320 4140 439 4200 illorum
455 4161 517 4201 sese
530 4141 677 4201 insinuet:
694 4140 780 4199 adibo
792 4140 1069 4213 atqueadsimnlahc
1081 4141 1257 4213 quasinunc

72 4228 82 4287 l
112 4244 213 4290 eseam
225 4227 323 4302 inquit
333 4224 488 4302 Parmeno,
504 4227 590 4286 adibo
601 4226 682 4284 hosce
694 4223 779 4283 Geta.
808 4242 945 4298 quaeres
960 4223 1037 4282 haud
1050 4226 1108 4282 seio
1121 4244 1158 4282 an
1170 4243 1258 4283 causa

72 4286 84 4361 i·
110 4312 205 4373 fuerit
225 4309 374 4370 incidendi
396 4316 426 4369 et
445 4330 553 4371 novam
570 4328 705 4369 scaenam
722 4309 934 4367 constituendi.
965 4310 1065 4384 itaque
1080 4328 1117 4369 ne
1133 4309 1180 4368 hic
1194 4311 1259 4384 qui·
