2768 4830
121 290 285 349 PRahbow:
297 290 333 346 de
340 290 445 346 Donati
457 291 615 347 commento
626 290 656 346 in
663 290 826 347 Terentium
836 308 911 362 spec.
920 291 1149 347 observationum
1160 291 1181 347 Ι.
1203 285 1267 350 309

208 457 286 518 llun.
306 457 353 517 111
375 462 403 532 1,
425 460 464 519 38
486 462 611 519 tuumne
632 461 754 519 obsecro
775 460 830 519 hoc
850 458 963 519 dictum
984 463 1061 518 erat:
1085 463 1115 518 et
1137 459 1216 519 dicta
1235 463 1266 520 et

122 543 285 621 proverbia
305 550 335 603 et
356 543 530 620 adagiones,
553 563 627 620 quae
648 545 685 603 ad
701 564 763 603 rem
779 551 886 621 agant,
909 544 1012 603 facetis
1028 544 1198 604 hominibus
1214 545 1264 603 ad·

121 629 305 689 scribuntur.
391 628 437 687 ΙΠ
453 629 482 702 5,
500 631 539 689 13
555 630 647 688 immo
663 629 761 690 hercle
777 630 912 688 obsecro:
931 629 1006 688 bene
1021 628 1150 688 contulit
1164 630 1264 702 verba,

119 718 155 771 ut
183 732 219 772 ex
245 713 291 773 his
319 717 459 790 appareat
485 733 574 790 qnam
597 714 628 773 id
651 733 741 791 agere
760 714 843 772 velit.
880 714 931 773 ille
953 714 1026 773 dicit
1046 713 1189 790 ‘quaeso',
1218 714 1266 774 hic

121 798 280 857 ‘obsecrc'.
594 822 597 830 ·
1301 809 1317 858 5

206 883 284 941 Eun.
298 882 345 941 111
362 883 441 956 1,12
458 883 577 942 credere
592 901 708 943 omnem
724 883 897 953 exercitum,
913 882 1051 942 consilia:
1068 882 1123 941 sub
1139 882 1266 943 obtentu

120 967 271 1027 militiast
286 968 432 1027 stultitiae
448 968 605 1042 descripsit
619 969 750 1027 breviter
766 969 904 1027 comitem
920 968 1036 1042 regium
1052 970 1266 1044 acceptumque

78 1048 80 1052 ’
119 1053 303 1127 imperatori.
389 1052 519 1128 Adelph.
542 1053 627 1124 113,
650 1054 669 1112 8
696 1053 747 1112 alii
775 1056 881 1129 putant
904 1052 1057 1112 ‘festivum
1082 1055 1182 1127 caput'
1204 1071 1266 1112 non

120 1136 260 1197 Aeschini
283 1136 516 1212 intellegendum
537 1138 588 1196 sed
610 1139 769 1208 orationis,
791 1156 881 1214 quarn
903 1137 992 1196 habet
1011 1135 1152 1212 Ctesipho
1174 1156 1265 1214 agens

120 1221 234 1298 gratias
248 1221 343 1280 fratri.
355 1223 409 1280 ita
419 1223 450 1280 in
460 1221 620 1282 Eunucho:
638 1222 737 1298 ‘quam
750 1226 874 1281 venuste
886 1223 964 1297 qnod
978 1222 1061 1280 dedit
1073 1222 1265 1298 principium’
1286 1235 1318 1283 10

120 1305 180 1381 (III
197 1306 226 1378 2,
243 1303 288 1384 4).
322 1307 402 1383 quod
423 1307 448 1366 si
469 1310 529 1376 est,
552 1311 582 1366 st
602 1307 689 1366 ‘nihil
712 1309 812 1383 potest
831 1308 933 1382 supra'
955 1307 1031 1366 hane
1054 1307 1266 1380 laudationem,

118 1409 179 1449 non
200 1390 303 1466 ‘supra
325 1391 380 1450 hoc
402 1391 526 1450 factum'
549 1391 608 1450 erit
628 1392 841 1468 accipiendum.
872 1392 923 1450 sed
946 1391 1033 1449 male.
1063 1410 1130 1451 nam
1154 1391 1266 1468 ‘caput’

119 1474 261 1535 Aeschini
280 1476 424 1550 intellego
445 1477 545 1551 ipsum
560 1477 743 1536 Aeschinum
764 1482 798 1534 ut
817 1477 847 1534 in
872 1479 936 1535 toto
952 1496 1021 1552 pars
1038 1477 1079 1536 sit
1094 1496 1148 1551 per
1163 1495 1266 1554 synec-

119 1559 250 1632 dochen,
267 1561 298 1619 in
313 1579 372 1636 qua
386 1560 482 1637 figura
498 1580 532 1620 ea
548 1581 617 1636 pars
632 1580 687 1637 pro
703 1564 769 1621 toto
785 1560 921 1637 ponenda
937 1566 983 1620 est
997 1580 1072 1637 qnae
1087 1566 1139 1620 aut
1156 1563 1266 1622 eminet

120 1664 156 1703 ex
171 1648 237 1705 toto
255 1649 306 1704 aut
321 1645 441 1705 maioris
457 1647 548 1720 pretii
563 1650 608 1706 est
623 1646 706 1705 adid
721 1647 802 1723 qnod
818 1647 929 1722 agitur.
1286 1658 1316 1706 15

205 1729 313 1806 Hecyr.
329 1729 359 1788 II
377 1733 404 1802 1,
422 1731 460 1789 18
482 1750 520 1789 an
541 1731 611 1806 quia
633 1732 695 1790 ruri
710 1732 814 1790 crebro
831 1749 908 1790 esse:
931 1732 1138 1790 memorservi
1154 1734 1266 1808 estqui

118 1815 236 1874 dixerat
251 1814 312 1874 ‘rus
328 1815 374 1873 ab.
391 1815 427 1874 s.’
445 1811 615 1894 (12‚100).
702 1816 820 1875 Phorm.
836 1815 942 1888 111,4
958 1813 1022 1896 (vix
1039 1815 1187 1895 tandem)
1203 1816 1264 1888 alii,

118 1899 189 1976 quia
210 1900 294 1958 tarda
310 1900 346 1958 ad
363 1917 480 1959 servum
496 1901 633 1976 pervenit
648 1919 736 1960 senex
753 1920 839 1976 quern
856 1900 907 1959 ille
923 1901 960 1960 ob
976 1902 1187 1961 conscientiam
1201 1921 1219 1960 a
1234 1921 1266 1960 se

117 1988 294 2060 coepturum
311 2002 375 2044 esse
390 1985 540 2044 credebar.

205 2153 333 2228 Adelph.
349 2154 365 2213 I
381 2157 410 2226 1,
427 2156 444 2213 7
469 2159 522 2213 aut
541 2157 571 2212 te
593 2173 692 2212 amare
715 2155 829 2230 cogitat
849 2157 902 2212 aut
923 2157 984 2213 tete
1006 2157 1113 2213 amari:
1136 2156 1206 2231 quia
1221 2156 1264 2214 ‘te
1283 2167 1316 2215 20

117 2238 230 2298 amore'
252 2233 442 2316 ἀμφιβόλως
465 2239 597 2316 dixerat,
619 2239 678 2298 cito
697 2239 802 2297 intulit
822 2239 903 2314 quod
925 2243 1038 2297 certum
1061 2245 1107 2299 est
1123 2242 1188 2299 ‘aut
1203 2244 1264 2300 tete

116 2323 233 2383 amari'.
321 2323 396 2400 111,
414 2325 453 2382 22
475 2327 596 2383 ornatus
616 2341 696 2384 asses
717 2343 753 2382 ex
773 2324 833 2382 tuis
856 2324 1034 2384 virtutibus:
1058 2325 1117 2384 cito
1133 2325 1266 2385 ostendit

118 2414 264 2484 quantum
279 2428 296 2465 a
311 2428 343 2468 se
358 2409 447 2486 longe
462 2409 502 2468 sit
516 2428 652 2485 regnum,
670 2409 722 2484 qui
739 2408 847 2467 dixerit
863 2409 961 2468 ornari
973 2410 1105 2483 potuisse
1118 2410 1263 2470 lenonem.

204 2493 299 2552 Andr.
315 2493 362 2553 III
377 2495 406 2570 2,
424 2495 465 2553 13,
479 2499 580 2568 aperte
597 2494 713 2553 fallere:
736 2491 796 2554 δύο
812 2489 852 2554 δι’
867 2489 941 2554 ἑνὸς
957 2495 1027 2566 cito,
1043 2499 1074 2552 et
1090 2495 1216 2553 ‘fallere'
1233 2498 1265 2553 et

118 2577 254 2651 ‘aperte'.
341 2578 469 2654 Adelph.
485 2577 512 2635 V
529 2579 558 2654 3,
574 2580 614 2636 42
641 2580 721 2637 inter
748 2597 912 2638 reamare:
934 2580 992 2638 cito
1014 2579 1090 2637 dixit
1108 2580 1199 2638 ‘inter
1220 2583 1262 2638 se’
1283 2592 1316 2641 25

116 2661 197 2739 quod
218 2667 263 2721 est
285 2664 363 2722 ‘cum
386 2663 462 2722 alter
483 2663 610 2722 alterum
626 2663 754 2723 invicem
771 2663 874 2722 amat’.
898 2656 900 2661 ’
962 2663 1079 2724 Phorm.
1096 2664 1111 2723 I
1127 2666 1155 2737 2,
1172 2666 1212 2724 33
1228 2683 1264 2723 ea

116 2747 268 2806 serviebat
287 2748 402 2807 lenoni:
425 2752 456 2808 et
476 2748 600 2808 honeste
620 2752 652 2806 et
667 2749 725 2809 cito
743 2749 818 2807 dixit
833 2749 993 2808 ‘serviebat
1008 2749 1109 2808 lenoni
1125 2750 1263 2825 impuris·

117 2831 221 2906 simo’3
246 2836 277 2892 et
298 2851 389 2908 quare
410 2852 470 2892 non
491 2833 598 2893 fuisset
618 2834 713 2892 libera
734 2837 764 2892 et
779 2834 862 2892 cuius
878 2833 983 2892 fuisset
997 2834 1106 2892 ancilla
1121 2839 1150 2893 el
1166 2835 1264 2909 qualis

116 2917 248 2977 hominis
264 2917 369 2992 fuerit,
387 2919 613 2977 demonstravit.

186 3119 202 3168 2
230 3118 413 3182 veriloquium
443 3118 605 3183 adagionis,
635 3117 670 3168 cf.
698 3119 802 3168 Festus
831 3120 927 3182 aflupio
952 3121 992 3169 ad
1020 3122 1173 3184 operclum
1200 3128 1263 3185 apta

186 3188 202 3235 3
224 3187 299 3237 vitae
323 3185 477 3251 exemplum
503 3186 664 3238 eTerentio
687 3187 853 3251 expiscetur.
888 3187 994 3252 regium
1018 3194 1110 3237 antem
1136 3190 1262 3239 comitem

116 3255 172 3304 tria
196 3253 407 3304 concelebrant:
433 3255 569 3305 exercitus
587 3253 762 3306 consiliorum
782 3254 950 3320 voluptatum
970 3257 1123 3306 communio
1142 3256 1176 3306 cf.
1197 3273 1222 3322 q.
1241 3274 1262 3307 s.

117 3329 147 3386 et
171 3321 256 3372 schol.
280 3337 306 3373 v.
320 3323 350 3372 1⁷
437 3323 453 3372 8
471 3321 515 3372 illi
533 3324 618 3372 verba
637 3323 779 3372 ‘festivum
799 3327 894 3387 caput’
914 3329 942 3373 et
960 3323 1040 3372 ‘nihil
1059 3328 1150 3388 potest
1168 3330 1261 3390 supra’

116 3389 187 3455 Syro
205 3389 333 3440 videntur
347 3389 478 3440 tribuisse
549 3394 580 3440 16
598 3405 691 3440 memor
703 3396 797 3455 poeta:
818 3391 853 3440 cf.
868 3390 1072 3441 Euanthiannm
1087 3393 1118 3442 de
1132 3393 1263 3444 Terentio

116 3458 248 3508 iudicium
271 3475 297 3523 p.
315 3458 340 3519 3,
358 3461 391 3508 23
414 3457 495 3508 Reiff.
521 3473 591 3522 quae
615 3459 716 3524 passim
741 3464 888 3508 occurrunt
910 3459 957 3508 boe
975 3467 1015 3509 est
1032 3461 1102 3524 quod
1117 3477 1199 3524 supra
1216 3464 1264 3524 uit,

115 3526 164 3576 boo
176 3532 247 3576 recle
260 3524 322 3592 quic
333 3527 451 3589 diceret,
467 3528 525 3592 quia
536 3543 625 3590 supra,
640 3524 744 3576 similia
757 3526 848 3576 eodem
861 3528 952 3575 omnia
965 3526 1080 3577 redeunt
1148 3530 1181 3579 20
1199 3543 1264 3594 ergo

117 3596 169 3645 cito
190 3592 266 3644 diota
289 3598 353 3644 sunt
376 3609 446 3659 quae
472 3598 520 3643 ant
542 3595 669 3659 expedite
687 3600 834 3644 occurrunt
853 3599 902 3643 aut
919 3593 999 3658 plura
1017 3594 1097 3645 simul
1115 3596 1267 3660 expediunt

116 3677 174 3711 una
192 3663 339 3712 sententia.
370 3667 430 3712 erat
447 3662 533 3726 igitur
552 3662 670 3712 formula
689 3661 825 3726 quaedem
845 3663 1079 3726 interpretationis
1098 3664 1265 3727 rhetoricae,

116 3745 174 3794 qua
198 3735 281 3793 poeta
304 3731 441 3781 facundus
463 3734 539 3780 multo
562 3733 660 3780 dixisse
687 3745 742 3778 nna
766 3731 907 3779 sententia
928 3729 1120 3781 adnotabatur.
1158 3733 1264 3782 Seneca

117 3798 200 3863 epist.
219 3799 273 3858 9,2
289 3800 314 3848 ri
331 3800 478 3862 exprimere
497 3789 649 3848 ἀπάθειαν
667 3814 716 3848 uno
735 3798 811 3849 verbo
830 3801 879 3847 cito
897 3801 1054 3862 voluerimus,
1076 3815 1155 3866 quem
1174 3800 1263 3850 locum

115 3863 304 3916 Buechelerus
326 3865 540 3927 demonstravit3
564 3867 696 3916 Horatius
721 3882 745 3916 a.
770 3882 796 3930 p.
816 3869 867 3916 335
890 3867 936 3930 qui
954 3864 1016 3915 hinc
1037 3867 1198 3932 explicatur.
1234 3869 1263 3916 in

116 3932 228 3984 Donato
247 3948 313 3984 cave
330 3935 479 3984 mutaveris

184 4105 199 4153 2
224 4119 294 4168 quae
319 4099 365 4170 ad]
390 4104 461 4170 quod
485 4104 545 4154 libri
567 4108 644 4168 culp,
668 4111 696 4153 ut
716 4105 734 4153 4
757 4119 836 4169 quarn
860 4102 898 4169 id]
923 4104 988 4169 quid
1058 4107 1072 4155 7
1096 4099 1133 4170 et]
1155 4120 1187 4153 ea
1205 4106 1264 4156 libri

114 4176 189 4238 vulp..
209 4181 236 4221 ut
255 4173 287 4222 14
306 4168 348 4237 ea]
370 4179 398 4223 et
474 4171 596 4222 stultitia
615 4172 673 4222 libri
691 4174 754 4237 culp.
833 4174 862 4221 11
882 4188 932 4222 non
950 4174 1132 4222 intellexerant
1149 4174 1264 4224 editores

187 4243 217 4290 16
240 4237 325 4306 servi]
349 4242 392 4290 sui
415 4241 474 4290 libri
494 4241 572 4304 vulp,
598 4247 624 4290 at
649 4242 679 4290 18
703 4255 780 4290 suurn
851 4241 893 4290 sui
917 4246 960 4289 est
985 4241 1049 4304 quia
1072 4241 1263 4292 Westerbccius

183 4310 217 4360 25
232 4304 298 4372 cito]
312 4309 380 4358 scite
394 4309 459 4359 coni.
478 4308 575 4359 Teuber
644 4310 675 4357 27
691 4304 758 4371 cito]
770 4310 808 4357 sic
823 4308 898 4358 etiam
911 4308 1097 4358 Riccurclr'anua
1113 4308 1226 4360 Terentii
1238 4309 1263 4359 s*

117 4377 152 4440 cs.
174 4375 263 4428 Sellee
280 4376 368 4426 soboli.
392 4376 493 4430 Terent.
510 4394 537 4441 p.
552 4379 583 4425 70
