2768 4830
116 258 178 324 338
200 264 360 320 Piiabbow:
372 265 408 320 de
420 264 521 320 Donati
533 265 690 320 commento
701 263 732 320 in
739 261 901 320 Terentium
912 279 986 335 spec.
994 240 1228 319 observationum
1241 263 1265 319 1.
1279 325 1282 332 ,

116 432 238 492 Halensi
256 430 298 510 (p.
318 427 391 510 154)
407 434 540 509 proxima
556 432 749 507 praecedunt:
772 431 900 492 secundo
913 430 1017 504 fabrio
1030 429 1190 504 morat,
1209 431 1263 492 eda

116 517 243 578 uidelicet
256 535 346 592 quom
363 518 515 578 Terentius
524 522 591 591 post
605 517 807 592 Menandrum
821 516 932 577 Latino
946 533 1075 577 emmone
1089 518 1263 591 composuit.

117 619 186 661 uam
201 621 218 660 e
233 602 347 678 prolixa
362 601 538 661 didascaliae
550 601 766 677 explanatione,
783 601 880 677 qualis
892 602 923 660 in
935 600 1058 660 Halensi
1069 603 1192 660 servata
1204 603 1262 673 est,

114 686 204 745 etiam
230 686 300 745 libri
327 686 354 745 D
380 686 508 746 frustula
531 691 668 762 excerpta
694 704 758 745 case
783 685 923 745 librarius
947 685 1013 761 ipsa
1038 688 1170 744 testatur
1191 690 1264 762 post

113 770 251 830 Flaccum
272 771 425 831 tibicinem
442 771 591 830 adiunctis
606 769 668 830 his:
691 768 798 831 Oioddi
811 770 891 831 tibiis
905 770 1020 831 duobus
1033 765 1158 851 11111111]
1174 772 1265 845 quasi

114 860 302 932 tympanum,
321 874 415 934 penus
432 858 591 930 muricum,
613 855 721 916 dictem
740 873 772 916 co
792 856 870 929 quod
889 872 983 916 mrum
999 855 1264 916 rudimentorum

114 941 219 1001 iubeat
237 942 368 1015 [11111111
384 942 424 1001 od
437 941 658 1001 similitudinem
672 941 769 1001 111111
785 938 1025 1001 Groomorcio
1040 937 1173 1000 ’11111111
1190 941 1266 1001 dicit

113 1042 145 1085 co
166 1044 243 1101 equ,
269 1024 319 1084 ubi
341 1025 533 1101 praenomina
552 1025 706 1084 consulum
728 1023 827 1084 ‘Gaio’
849 1022 971 1084 ‘Marco'
994 1023 1069 1084 falso
1089 1023 1158 1083 loco
1174 1042 1264 1100 prae-

115 1114 257 1186 occupata
270 1128 330 1170 nou
347 1111 479 1169 delemus
496 1110 546 1169 sed
562 1110 702 1169 discimus
718 1109 754 1167 de
767 1108 937 1170 consulibus
948 1109 1073 1170 subinde
1085 1111 1157 1184 post
1167 1108 1264 1170 tibias

114 1194 279 1271 expositum
302 1194 374 1254 olim
395 1195 484 1253 tuisse
505 1195 536 1253 in
556 1193 672 1254 scholiis
687 1194 715 1253 D
731 1190 804 1253 item
817 1195 898 1253 utin
913 1192 1093 1253 Halensibus
1108 1191 1155 1270 (p.
1174 1193 1262 1271 154).

115 1278 193 1355 quod
209 1283 307 1338 autem
324 1281 417 1338 vitam
434 1279 589 1338 Haleusem
606 1279 643 1338 ad
660 1279 905 1338 commentarium
919 1277 946 1335 D
962 1278 1112 1354 pertinere
1129 1277 1209 1352 dixi,
1231 1279 1263 1338 id

114 1363 179 1422 aliis
202 1365 319 1424 indiciis
335 1365 554 1439 comprobatur.
586 1362 728 1423 scholium
744 1364 822 1422 euim
839 1360 934 1422 Duc
950 1363 988 1422 ad
1003 1362 1098 1423 Andr.
1112 1381 1148 1422 vr
1162 1364 1180 1420 1
1196 1365 1260 1423 est:

113 1466 179 1508 cam
194 1450 264 1509 dicit
278 1450 393 1524 ‘poeto’,
413 1450 536 1510 ostendit
549 1466 580 1509 se
595 1450 712 1509 metrico
727 1453 790 1508 orte
803 1449 855 1509 troo
868 1465 941 1523 opus
954 1449 1157 1523 composuisse.
1186 1448 1263 1510 iilud

115 1535 201 1592 111111
221 1533 397 1595 Priscianus
418 1539 540 1594 testatur
559 1535 609 1608 qni
629 1535 729 1593 scibit
748 1535 783 1593 de
802 1535 902 1593 mctrb
918 1533 1112 1593 Terentionie.
1143 1535 1264 1608 scripsit

116 1622 212 1677 autem
226 1618 377 1679 Terentius
390 1620 514 1680 iambico
524 1623 613 1679 metm
625 1620 709 1679 cuins
717 1620 822 1692 species
832 1619 941 1679 multoe
949 1621 1029 1678 aaut.
1049 1616 1142 1676 babes
1154 1618 1260 1677 eadem

117 1702 180 1760 tuse
208 1704 339 1778 exposita
366 1705 397 1761 in
425 1705 487 1762 vita
509 1703 631 1763 Halensi
653 1722 684 1779 p.
701 1703 720 1762 3
737 1722 780 1779 sq.
817 1703 930 1762 accedit
950 1701 1086 1762 alterum.
1107 1702 1140 1761 in
1164 1702 1262 1778 prima

116 1787 224 1863 pagiua
247 1786 316 1846 libri
337 1786 362 1846 G
384 1788 495 1846 scholia
514 1789 638 1866 antiqua
659 1791 844 1846 evanuerunt
861 1806 894 1846 ac
908 1791 1041 1847 recantas
1058 1786 1119 1845 illis
1135 1787 1260 1860 notulae

114 1872 331 1948 superscriptae
348 1876 427 1945 sunt,
444 1873 481 1931 cf.
495 1871 635 1932 Schleeus
651 1894 679 1949 p.
692 1874 747 1931 42:
766 1873 917 1931 exordium
932 1871 1011 1948 quod
1024 1872 1067 1930 ita
1078 1872 1172 1947 periit
1182 1873 1258 1932 auti·

115 1975 205 2031 quum
228 1957 299 2027 tuit,
322 1958 347 2016 ei
368 1957 453 2016 nobis
476 1957 584 2033 credis,
606 1959 668 2016 vita
682 1957 832 2017 Halensis.
862 1957 893 2016 iu
914 1956 1013 2015 media
1031 1960 1131 2015 autem
1148 1956 1259 2034 pagina

116 2041 228 2100 recenti
245 2060 332 2100 mauu
350 2043 457 2117 scripta
471 2042 629 2117 leguntur:
648 2041 806 2117 Ouitiopius
820 2044 954 2102 1111111111
964 2041 1123 2102 Lanuvinis
1135 2043 1258 2103 1111111.

116 2126 194 2183 unde
216 2125 287 2184 haec
308 2126 413 2185 borum
435 2143 556 2186 concors
579 2126 775 2201 compositio?
809 2127 887 2186 euim
909 2127 1112 2186 1111111111
1133 2125 1258 2186 Halensi

115 2210 233 2268 insunt=
257 2212 307 2271 aed
321 2229 388 2270 cuna
402 2212 556 2286 coepissent
571 2212 633 2271 eiua
646 2211 764 2283 {obuiae
778 2213 948 2288 recitari,
966 2213 1049 2287 toupe
1062 2211 1148 2270 uider
1161 2212 1258 2272 sicam

113 2300 154 2354 est
175 2312 263 2368 quom
284 2302 426 2371 speraret,
448 2298 586 2370 qnoniam
606 2298 711 2355 inuitos
730 2297 889 2357 aemulos
908 2314 961 2371 per
979 2297 1032 2356 boc
1049 2300 1151 2356 contra
1165 2313 1198 2357 ce
1212 2306 1256 2358 aaa·

115 2381 212 2439 citauit
238 2382 288 2454 qai
313 2383 374 2440 eius
399 2382 475 2440 dicto
500 2381 746 2454 reprehendebant
771 2382 811 2455 (p.
834 2381 875 2454 3).
917 2381 987 2440 haec
1014 2380 1045 2438 in
1068 2378 1094 2441 G
1116 2379 1258 2442 librarius

114 2467 260 2524 recentior
276 2465 350 2541 legit
364 2484 443 2523 nunc
460 2467 586 2524 evanida
602 2473 631 2523 et
646 2467 767 2525 nomina
783 2465 949 2541 adscripsit.

200 2549 280 2620 Quae
303 2568 366 2608 cum
390 2551 433 2607 111
448 2551 509 2609 sint
525 2551 587 2608 vita
603 2550 756 2624 Halensis,
779 2569 854 2625 quae
870 2549 1081 2609 commentario
1096 2549 1257 2611 DGECM

113 2635 274 2708 praemissa
288 2634 354 2709 fuit,
371 2634 470 2692 codice
485 2635 511 2692 D
529 2638 608 2693 certe
623 2635 773 2710 antiquior
787 2637 845 2712 est,
858 2634 885 2693 is
900 2639 998 2693 autem
1015 2652 1090 2693 saec.
1107 2633 1135 2692 X
1151 2636 1200 2694 vel
1216 2637 1259 2697 IX

113 2716 305 2777 adtribuitur.
336 2720 499 2778 conlectam
523 2721 616 2794 igitur
638 2720 719 2777 illam
742 2738 805 2777 esse
827 2723 897 2794 post
917 2737 991 2781 saec.
1008 2718 1052 2778 IX
1073 2718 1260 2781 confidenter

114 2821 266 2879 negamus.
298 2805 356 2861 iam
380 2804 587 2879 antiquitatem
610 2805 689 2863 vitae
705 2804 839 2862 Terentii
854 2804 1070 2863 Ambrosianaa
1086 2821 1121 2861 ex
1137 2803 1258 2866 Donato

114 2888 260 2946 delibatae
268 2907 354 2963 quam
363 2888 776 2964 Ritschaliusquartuminter
784 2892 815 2946 et
824 2890 1011 2960 undecimum
1020 2907 1095 2948 saec.
1104 2889 1258 2966 scriptam,

115 2973 178 3031 ‘sed
200 2973 244 3030 illi
267 2974 322 3030 nisi
343 2973 430 3030 fallor
447 2992 535 3049 quam
552 2974 620 3032 huic
635 2974 814 3049 propiorem'
830 2993 893 3033 esse
909 2973 1052 3033 iudicavit
1066 2973 1097 3032 in
1113 2971 1259 3036 Suetonio

114 3057 345 3116 Reifferscheidii
362 3077 391 3133 p.
410 3059 471 3116 534
488 3053 542 3135 (=
559 3077 628 3133 opp.
644 3057 692 3116 III
706 3078 735 3133 p.
753 3053 842 3138 274),
865 3058 953 3133 paulo
969 3057 1129 3117 artioribus
1146 3057 1258 3120 finibus

114 3142 184 3200 licet
203 3141 451 3204 circumscribere.
483 3162 558 3218 quae
574 3144 644 3218 quin
661 3144 812 3219 antiquior
827 3143 867 3201 sit
881 3142 934 3200 illa
949 3142 1080 3217 Halensi,
1095 3161 1186 3203 namo
1202 3147 1260 3204 erit

116 3226 166 3302 qui
190 3227 316 3284 dubitet.
347 3245 416 3285 nam
439 3231 473 3286 ut
492 3227 587 3285 libera
609 3231 654 3286 est
669 3229 705 3286 ab
721 3227 881 3286 horridulis
896 3228 927 3285 in
942 3227 995 3286 illa
1009 3227 1257 3290 hariolationibus

116 3311 223 3386 quibus
246 3313 358 3387 posteri
382 3312 520 3388 deinceps
542 3313 622 3371 varie
643 3312 794 3371 adornatis
816 3313 939 3370 nimium
962 3316 1105 3387 quantum
1128 3312 1258 3374 delecta·

115 3396 223 3455 bautur
249 3393 302 3475 (cs.
329 3397 418 3455 Sabb.
442 3397 540 3456 stude.
563 3396 592 3455 II
613 3417 641 3473 p.
660 3398 698 3455 27
721 3397 859 3456 Scblceus
883 3416 911 3472 p.
931 3397 1021 3472 163),
1050 3397 1093 3456 ita
1112 3395 1258 3473 figmenta

114 3483 222 3555 quibus
238 3483 303 3558 ipsa
316 3501 375 3542 nou
393 3487 488 3554 caret,
511 3483 588 3541 bona
605 3486 675 3541 aunt
690 3500 722 3541 ac
738 3483 859 3541 minime
874 3483 985 3558 inepta.
1016 3482 1210 3557 quamobrem
1226 3484 1258 3543 in

114 3565 268 3626 Ritsohelii
284 3567 395 3627 iudicio
410 3587 464 3644 pro
480 3566 522 3626 XI
538 3585 627 3642 ponas
643 3567 694 3625 IX.

544 3799 814 3855 APPENDIOULA.

200 3904 346 3962 Natarum
373 3907 540 3964 criticarum
568 3925 641 3981 quas
669 3907 705 3964 ab
727 3906 937 3965 Alexandrinis
958 3908 1095 3965 iuventas
1115 3906 1146 3965 in
1167 3925 1259 3968 usum

115 3994 291 4064 receperunt
305 3989 431 4048 Romani
448 3992 645 4066 grammatici,
661 3992 853 4066 paucissimas
869 3991 900 4049 in
915 3985 1107 4066 scriptoribus
1123 3992 1258 4067 profanis

115 4076 316 4133 Romanorum
337 4077 450 4133 restare
468 4074 609 4150 reliquias
626 4077 841 4135 conclamatum
856 4080 910 4135 est.
940 4076 977 4135 ad
994 4075 1158 4151 Vergilium
1175 4078 1257 4137 enim

117 4159 238 4219 Servius
255 4161 385 4218 servavit
395 4159 556 4218 Probianas
570 4163 657 4219 notas
670 4161 741 4219 duas
754 4158 841 4232 (Aen.
855 4161 953 4219 Χ444
969 4161 983 4219 l
996 4158 1058 4235 11),
1073 4181 1089 4221 a
1103 4159 1259 4224 Vaticanis

115 4244 231 4303 schedis
248 4250 279 4302 et
295 4244 372 4302 libro
388 4244 533 4320 Mediceo,
551 4245 576 4303 si
593 4247 663 4321 quid
680 4246 868 4321 antiquitatis
887 4247 917 4304 iu
933 4245 978 4304 hie
994 4247 1073 4304 inest
1087 4245 1172 4322 signa
1188 4264 1258 4307 con·

113 4330 191 4406 legit
203 4329 381 4388 Ribbeekius
399 4330 484 4404 proli.
500 4349 528 4404 p.
544 4332 613 4389 153.
634 4333 704 4389 155.
724 4331 782 4388 158
793 4349 857 4407 sqq.
885 4329 1007 4388 Horatio
1020 4333 1051 4389 et
1062 4330 1167 4390 Servio
1178 4350 1258 4407 quae
