2768 4830
117 213 182 287 322
203 219 363 278 PRahbow:
375 217 410 282 de
418 217 523 275 Donati
533 220 691 299 commento
701 218 731 273 in
740 216 902 276 Terentium
913 237 986 291 spec.
997 220 1232 277 observationum
1239 221 1264 282 Ι,

118 391 278 450 narrantur
306 387 401 447 multe
432 386 530 448 inesse
556 380 635 468 (quis
662 386 716 445 hoo
742 385 896 467 ignorati)
924 391 954 448 et
980 388 1011 448 id
1044 388 1138 452 belbe.
1180 387 1266 448 vides

119 476 264 551 quantum
285 472 414 533 intersit.
444 473 529 549 atqui
549 472 580 531 in
603 471 746 547 Adelphis
768 473 1009 534 coniunctissima
1028 473 1081 532 illa
1102 477 1173 533 sunt
1194 491 1263 532 cum

119 558 202 627 tibiis
216 575 290 635 quas
306 557 463 619 scholiasta
478 557 618 616 inlustrat
632 576 648 616 e
662 559 792 615 tractatu
806 555 851 633 (p.
868 560 917 632 12,
937 557 976 617 14
991 553 1088 638 sqq.):
1104 575 1171 618 ecce
1187 575 1265 633 quae

118 643 150 702 in
176 645 307 702 mactatu
331 645 401 703 ante
425 641 520 718 ipsam
546 641 687 700 tibiarum
714 641 942 718 descriptionem
969 647 1054 702 sunt:
1085 642 1265 702 diverbia

118 729 326 788 histriones
342 727 656 803 pronuntiabant.
692 727 806 787 antea
825 745 891 789 nero
911 728 1149 803 temperabantur
1168 727 1266 787 modia

117 830 178 873 non
204 832 223 873 a
244 817 331 888 poeta
356 813 407 873 aed
428 813 556 886 operito
576 812 651 871 artis
670 813 798 872 musicae
818 813 914 885 factm.
949 831 1041 887 neque
1062 813 1262 872 enimomnia

118 899 211 959 isdem
224 898 318 957 modis
331 898 365 956 in
379 915 440 957 nrm
455 898 566 958 cantico
580 896 751 971 apetantnr,
770 897 820 956 sed
833 915 940 972 saepe
953 898 1107 958 mutatis
1121 901 1155 957 nt
1168 898 1263 972 sipni·

116 985 207 1057 fieunt
228 983 279 1056 qni
296 986 354 1042 tres
375 998 513 1042 numeros
535 981 568 1040 in
583 981 734 1062 mmoediis
743 987 876 1055 ponunt,
893 983 949 1056 >qut
963 987 1020 1043 tres
1034 984 1184 1042 continent
1197 1000 1264 1041 mn·

117 1073 192 1129 totos
212 1067 310 1128 modas
330 1067 445 1128 cantici.
479 1066 548 1124 hinc
570 1083 642 1141 ergo
656 1082 741 1144 saepe
753 1068 860 1126 mntati
874 1067 953 1127 modi
967 1068 997 1129 in
1012 1065 1269 1142 praefationibus:

119 1153 188 1212 hinc
202 1152 334 1212 diverbia
348 1152 386 1212 ab
397 1149 588 1211 histrionibus
592 1151 803 1234 pronuntiarim
820 1154 850 1210 ot
861 1152 913 1227 qui
925 1151 1121 1210 indecentiae
1132 1151 1266 1224 arripuit

119 1255 203 1313 saepe
224 1236 348 1296 mutatis
370 1236 467 1295 modis
488 1235 634 1310 exhibita,
655 1228 835 1294 is'diverbia
856 1253 974 1313 quoque
995 1237 1093 1296 crebro
1108 1237 1155 1295 vel
1171 1238 1263 1298 etiam

119 1324 212 1382 malta
238 1321 335 1381 crebro
363 1319 419 1394 (sio
433 1317 476 1398 V)
502 1319 696 1395 pronuntiate
720 1338 784 1379 esse
811 1320 914 1380 voluit.
949 1321 1027 1380 unde
1051 1323 1151 1384 autern
1170 1323 1266 1379 notae.

117 1407 157 1467 Μ
166 1436 174 1450 ·
187 1407 228 1465 Μ
236 1435 243 1449 ·
258 1403 284 1466 U
292 1433 301 1449 ·
314 1410 340 1466 et
351 1405 383 1465 D
396 1435 403 1450 ·
417 1403 456 1464 V·
473 1405 504 1463 in
521 1403 704 1479 praefatione
721 1403 947 1479 Adelphorum?
969 1406 1119 1464 enimvero
1134 1405 1165 1465 in
1181 1408 1260 1464 trac·

119 1494 186 1550 tatu
201 1493 359 1567 utramque
375 1490 447 1550 olim
462 1488 625 1548 adhibitam
641 1488 741 1565 sitisse,
757 1488 839 1548 illam
852 1495 887 1549 ut
897 1493 1062 1550 statuemus
1075 1490 1149 1566 ipsis
1161 1489 1265 1571 verbis

118 1576 300 1650 excerptoris
322 1573 364 1651 (p.
382 1575 431 1645 12,
450 1572 503 1650 10)
525 1592 690 1643 monemur,
713 1575 787 1632 hanc
799 1593 845 1632 ¹ne
866 1577 1032 1635 statuamus
1048 1574 1130 1633 nulla
1144 1594 1177 1634 re
1193 1593 1260 1650 pro-

119 1661 265 1722 hibemur.
297 1680 331 1719 ex
350 1659 483 1736 pleniore
504 1659 597 1734 igitur
612 1677 700 1734 quem
716 1678 791 1734 quae
806 1678 885 1718 nunc
901 1660 997 1718 fertur
1012 1659 1262 1719 commentatione

116 1746 148 1805 in
171 1745 369 1821 praelationes
386 1744 587 1819 Adelphorum
609 1750 640 1802 et
654 1743 792 1802 Eunuchi
814 1743 866 1802 ille
887 1745 980 1804 inlate
1002 1748 1086 1804 sunt:
1108 1744 1137 1802 in
1154 1745 1262 1804 ceteris

117 1831 162 1890 nil
178 1834 239 1889 tam
257 1829 394 1904 stupidae
409 1829 598 1887 imitationis.
1076 1891 1078 1894 y
1131 1888 1145 1895 ,¹

202 1908 235 1993 2)
263 1912 438 1973 Observatio
474 1913 510 1972 de
540 1913 656 1971 actibus
686 1912 802 1971 fabulae
833 1913 931 1971 brevis
960 1914 992 1972 in
1022 1912 1260 1989 praefationibus

117 1999 322 2075 Adelphorum
343 1998 481 2057 Eunuchi
502 1997 634 2074 Hecyrae
659 1997 812 2056 invenitur
839 1997 886 2057 vel
916 2002 985 2056 ente
1009 1999 1056 2062 vel
1079 2002 1150 2073 post
1171 2002 1262 2074 caput

117 2084 198 2160 quod
224 2083 347 2142 distinxi
367 2081 403 2139 V.
426 2100 480 2142 neo
507 2082 589 2142 deest
617 2082 647 2141 in
669 2082 783 2140 Andria
809 2083 906 2158 prima
930 2082 1031 2141 fabula
1057 2081 1109 2140 ubi
1133 2079 1179 2160 (p.
1195 2085 1260 2155 5,3

116 2163 217 2246 usin.)
250 2168 325 2227 ratio
352 2166 506 2226 dividendi
534 2167 628 2226 insius
654 2168 819 2242 explicetur
843 2171 997 2244 totumque
1023 2173 1113 2242 caput
1138 2168 1264 2244 discrip-

116 2253 190 2312 tioni
210 2257 330 2312 actuum
350 2251 406 2327 ipsi
429 2253 625 2327 antepositum
649 2256 703 2310 est.
733 2253 763 2310 in
785 2247 979 2311 Andriast
1000 2251 1147 2327 Hecyra
1166 2254 1210 2311 ita
1232 2272 1263 2312 aa

117 2338 208 2397 habet

201 2423 232 2480 in
248 2421 377 2480 Andria:
399 2421 516 2494 difficile
531 2425 571 2480 est
585 2421 756 2481 diuisionem
770 2426 888 2480 annum
903 2424 937 2480 in
950 2423 1072 2482 Latinis
1085 2422 1198 2495 fabulis
1212 2425 1258 2482 in·

120 2514 277 2567 ternoscere
292 2509 411 2567 obscure
426 2508 542 2566 editum.
566 2524 685 2566 cansam
700 2508 762 2566 iom
776 2507 889 2566 demean
903 2509 1166 2570 demonstrauimus
1180 2500 1262 2587 (scil.

117 2596 204 2651 tract.
223 2613 251 2667 p.
270 2593 298 2664 5,
316 2593 355 2649 25
372 2588 465 2670 sqq.);
487 2593 517 2650 in
534 2590 666 2667 Hecyra:
688 2592 782 2651 diuisa
797 2596 949 2650 astantem
963 2597 996 2651 nt
1010 2598 1117 2652 ceterae
1131 2594 1263 2666 quinque

115 2679 227 2738 actibus
242 2678 375 2752 lepitimis
390 2694 460 2749 qnos
474 2678 509 2736 in
522 2677 645 2735 subditis
659 2677 872 2751 distinpnemns
887 2675 930 2752 (p.
948 2677 995 2747 12,
1016 2673 1084 2754 16);

202 2762 352 2837 acquievit
371 2762 466 2837 igitur
486 2763 632 2836 interpres
648 2761 679 2818 in
695 2761 731 2819 iis
747 2781 822 2836 quae
837 2761 869 2818 iu
884 2766 1015 2821 tractatu
1031 2763 1112 2826 setis
1123 2767 1264 2826 accurate

116 2848 251 2922 exposita
266 2852 365 2921 erent3
464 2912 466 2917 ,

200 2930 733 3006 inAdelphisetEunuohoita

200 3017 231 3074 in
252 3015 412 3090 Adelphis:
437 3016 489 3075 boc
514 3017 602 3074 etiam
622 3019 656 3074 nt
676 3019 768 3074 crima
787 3015 954 3074 huiusmodi
971 3020 1110 3089 poemata
1130 3017 1269 3090 quinque

116 3107 198 3162 ndns
225 3101 330 3161 babeat
354 3118 465 3161 necesse
492 3105 533 3160 est
557 3101 650 3160 eboris
676 3101 782 3160 diebos
803 3118 823 3159 a
845 3097 966 3159 Graecis
981 3101 1091 3173 poetis:
1116 3118 1189 3173 qnos
1209 3103 1264 3162 etsi

114 3187 258 3245 retinendi
278 3202 369 3245 consu
388 3187 449 3244 iam
466 3185 608 3245 inconditi
627 3186 794 3258 meridianis
814 3186 933 3243 minime
953 3186 1137 3259 distinpnnnt
1151 3184 1261 3246 Latini

116 3271 216 3330 comici
230 3275 387 3329 metuentes
400 3272 505 3330 anticet
520 3286 559 3329 ne
576 3267 915 3343 qnisfmtidiosnssinita
926 3271 1080 3329 canosini
1091 3270 1263 3332 adnanitm

115 3355 243 3415 ubenndi
261 3356 390 3428 retiquae
409 3355 568 3415 comoediae
585 3355 641 3426 fiat
654 3359 830 3428 contemptor
845 3359 871 3414 et
884 3359 1001 3430 serpat,
1023 3359 1121 3414 tamen
1136 3373 1155 3413 a
1171 3355 1263 3416 doctis

113 3441 256 3500 veteribus
276 3441 391 3500 discreti
411 3445 496 3512 atque
514 3440 654 3499 disiuncti
671 3444 756 3511 smd,
779 3444 811 3499 nt
833 3457 901 3499 mon
915 3441 1079 3513 aperiemus
1088 3444 1156 3512 post
1170 3458 1262 3514 arpa

114 3527 205 3585 menti
228 3527 428 3584 narrationem
447 3521 490 3601 (p.
509 3526 537 3598 7,
556 3519 602 3604 1);
626 3523 657 3581 in
678 3523 838 3583 Eunucho:
861 3530 943 3584 ndns
962 3542 1035 3584 sane
1054 3526 1262 3598 impatientiores

113 3614 183 3669 snat
197 3612 231 3668 in
246 3627 280 3670 ea
295 3615 320 3669 et
335 3613 386 3683 qni
399 3627 461 3669 non
474 3609 560 3681 facile
574 3628 593 3668 a
606 3626 715 3682 param
729 3611 820 3669 doctis
834 3610 977 3686 distinqui
985 3612 1101 3683 possint
1112 3610 1176 3669 ideo
1189 3611 1262 3683 qnia

115 3695 232 3755 tenendi
250 3697 417 3768 spectatoris
438 3711 527 3754 cansa
546 3695 608 3753 unit
617 3699 705 3768 poeta
720 3699 817 3754 nomer
831 3712 930 3754 omnes
945 3696 1072 3767 quinque
1087 3699 1169 3754 ootns
1182 3695 1262 3755 ceint

113 3797 210 3840 annm
231 3780 312 3852 neri,
339 3796 376 3839 ne
398 3781 518 3853 respiret
544 3781 754 3852 quodammodo
777 3784 862 3852 utana
883 3781 1021 3839 distinctu
1042 3779 1150 3840 utmnbi
1169 3782 1260 3839 conti·

117 3865 258 3925 nuatione
271 3866 484 3924 suecedentium
497 3882 597 3923 rernm
611 3870 679 3923 unte
690 3866 797 3923 antaee
808 3864 925 3923 sublata
935 3864 1108 3936 fastidiosas
1117 3869 1263 3937 spectator

114 3949 443 4025 ensnrpatlp.10‚6);
523 4008 525 4010 ,

199 4035 372 4110 recoquitur
387 4035 419 4092 iu
433 4035 479 4092 his
496 4035 603 4092 iterum
619 4037 765 4092 tractatus
780 4028 824 4112 (p.
842 4036 870 4103 b,
889 4035 927 4091 25
946 4029 1036 4111 sqq.).

201 4114 234 4199 3)
250 4117 297 4178 Ad
320 4118 558 4177 distributionem
579 4123 699 4176 actuum
722 4117 866 4177 formulae
887 4118 917 4175 in
943 4117 1086 4177 Andria
1113 4117 1263 4195 Hecyra

114 4203 342 4264 Phormione
358 4202 534 4261 adhibentur
549 4204 617 4261 hee:
