2768 4830
188 259 251 325 340
273 265 434 322 PRabbcw=
447 266 482 322 de
493 266 599 322 Donati
608 268 765 323 commento
776 267 805 322 in
813 266 976 324 Terentium
988 268 1338 340 speaobservationuml.

195 454 254 513 qua
267 435 315 495 vir
330 435 569 495 accuratissimus
585 436 616 495 in
631 435 779 495 lemmatis
795 437 825 495 id
841 437 964 496 verbum
980 438 1090 513 signari
1104 437 1166 496 fere
1180 438 1234 511 ait,
1253 439 1337 515 quod

192 519 303 580 scholio
325 519 500 595 explanetur
520 520 630 595 ipsum.
661 523 692 578 at
712 521 766 580 hoc
786 540 891 597 parum
906 526 1043 582 accurate
1057 523 1199 582 namavit.
1231 541 1338 600 saper·

192 604 323 680 positum
345 608 391 663 est
411 605 529 680 signum
552 605 625 663 illud
642 623 760 681 semper
773 605 835 665 fere
850 607 963 682 primae
978 607 1043 667 voci
1057 607 1206 667 lemmatis
1220 611 1277 667 ant
1292 609 1340 668 ita

94 805 99 815 ,
187 694 256 801 77ilii
270 742 323 798 aut
336 741 380 800 ita
395 691 491 817 epure,
508 740 659 800 interdurn
672 742 751 800 inter
763 741 889 817 primam
901 746 933 801 et
943 741 1067 802 alteram
1078 742 1163 803 velut
1173 688 1338 820 epo7ilocd,

187 844 255 885 raro
281 828 514 902 superscriptum
535 830 581 884 est
595 826 654 900 ipsi
670 826 735 886 voci
751 826 852 903 alteri,
873 832 977 903 quater
992 827 1113 899 tertiae,
1136 829 1182 886 ter
1197 832 1338 904 quartae,

190 911 281 970 semel
301 912 438 987 quintae,
460 910 552 969 semel
573 910 702 987 denique
724 911 895 971 undecimae
908 906 952 990 (l)
967 912 1004 971 ad
1020 911 1116 973 Andr.
1132 911 1147 970 I
1164 916 1193 984 1,
1209 913 1251 972 69
1268 931 1340 974 cum

699 988 735 1056 ‘ll

187 1048 263 1107 idem
281 1065 310 1121 p.
327 1051 347 1106 t.
362 1065 394 1106 u.
409 1064 434 1106 o.
450 1064 477 1106 o.
495 1046 522 1105 b.
538 1046 566 1105 d.
589 1051 617 1105 ec
637 1047 759 1106 leudem
783 1046 806 1119 f.
827 1065 881 1106 m.:
905 1039 1147 1126 ,ἐμφατικοῦτερον
1168 1047 1339 1120 ‘fortunas’

189 1150 278 1206 quam
297 1132 458 1204 fortunam.
490 1131 562 1189 haec
583 1134 681 1190 autem
698 1132 740 1190 ita
756 1135 924 1208 comparata
939 1134 1009 1190 sunt
1025 1137 1134 1192 utnon
1150 1151 1247 1206 pauca
1262 1151 1336 1193 cum

190 1215 596 1276 observationeDziatzkonis
608 1215 802 1275 conveniant:
820 1217 916 1276 multa
928 1216 1120 1292 refragantur
1131 1217 1174 1276 ita
1186 1220 1220 1277 ut
1232 1219 1336 1294 prima

189 1319 245 1361 vox
266 1301 417 1362 lemmatis
438 1301 486 1360 vel
506 1300 600 1358 altera
621 1301 666 1360 vel
688 1300 777 1359 tertia
800 1301 846 1360 vel
868 1302 995 1378 denique
1017 1306 1123 1378 quarta
1143 1302 1265 1378 signata
1281 1303 1335 1376 sit,

190 1385 332 1445 scholium
349 1385 446 1461 ipsum
462 1385 610 1461 pertineat
623 1384 661 1444 ad
677 1384 774 1458 aliam,
792 1385 875 1445 velut
892 1386 922 1445 in
937 1386 1033 1462 primo
1050 1388 1118 1446 actu
1129 1386 1265 1447 Andriae
1277 1406 1335 1447 nu·

188 1470 301 1529 meravi
322 1471 475 1547 sexaginta
497 1470 630 1545 exempla
651 1489 725 1545 quae
748 1471 811 1530 viro
828 1471 915 1530 docto
932 1471 1030 1530 lavere
1045 1471 1214 1545 videantur,
1240 1473 1336 1533 unde·

190 1555 379 1632 septuaginta
400 1555 507 1631 quibus
530 1555 686 1615 refutetur.
716 1556 787 1630 quid
812 1556 906 1631 igitur
926 1556 996 1614 haee
1015 1562 1087 1615 nota
1109 1556 1167 1616 sibi
1181 1555 1271 1617 vult?
1303 1562 1336 1616 et

970 1634 1006 1701 'll

120 1665 123 1670 .
191 1691 270 1750 enim
292 1691 461 1766 saepissime
481 1691 592 1749 talibus
608 1690 681 1750 locis
695 1690 813 1765 adpicta
827 1694 888 1750 est:
910 1692 1006 1751 mccc
1019 1692 1139 1752 credilis
1151 1710 1229 1766 quoe
1243 1694 1293 1753 od.
1309 1711 1334 1754 s.

188 1794 216 1850 q.
228 1795 255 1850 q.
266 1771 305 1856 ο.)
317 1780 412 1850 specta
426 1778 460 1835 ia
473 1777 527 1834 line
541 1793 647 1835 scaeua
662 1793 751 1848 quam
761 1779 829 1835 scite
840 1792 973 1850 cupressu
983 1778 1022 1836 eit
1032 1778 1206 1837 masactudc
1217 1779 1335 1851 medici,

189 1862 242 1920 ubi
255 1863 293 1920 ad
309 1879 397 1920 unam
414 1865 445 1919 et
462 1865 572 1920 certam
584 1860 716 1919 voculam
729 1860 878 1919 lemmatis
889 1860 1179 1921 scholiumresocari
1190 1868 1332 1938 nequeat,
1369 1869 1371 1874 ’

192 2015 247 2056 nec
267 2015 326 2056 non
348 1996 475 2057 talibus:
496 1941 627 2077 idalius]
644 2000 730 2070 aptus
744 2001 769 2055 ct
784 1997 850 2056 huic
863 1998 906 2056 rei
919 2001 1020 2069 uetus,
1037 1995 1089 2055 ubi
1103 1996 1175 2072 quid
1191 2014 1270 2073 opus
1287 2003 1334 2059 est

192 2083 296 2141 unicae
310 2081 377 2141 voci
392 2082 536 2141 scholium
552 2083 642 2140 etiam
652 2081 738 2157 signo
751 2079 924 2157 adsignari?
950 2082 1009 2141 iam
1021 2080 1169 2157 adponam
1180 2082 1333 2159 exempla:

272 2217 366 2276 Andr.
383 2218 398 2276 I
416 2221 443 2290 1,
460 2219 499 2277 58
520 2223 547 2278 ct
568 2218 637 2277 berre
659 2160 734 2276 ffldli'
759 2217 936 2318 possidiani
953 2217 1052 2291 ‘quam
1066 2222 1099 2277 tu
1113 2215 1265 2278 Andriam
1280 2237 1332 2280 sco·

190 2354 332 2415 minusti’.
419 2353 434 2412 I
453 2359 480 2428 1,
494 2355 532 2412 69
549 2359 575 2413 et
588 2355 650 2413 ideo
664 2371 731 2412 moa
745 2354 788 2412 ait
804 2304 885 2413 ‘deici
899 2353 1114 2413 dissimulatum
1129 2370 1157 2415 a.
1173 2371 1197 2412 c.
1214 2372 1239 2414 ο.
1255 2372 1281 2415 ο.
1298 2356 1332 2418 e'.'

189 2434 233 2521 (r.
251 2435 335 2517 105).
422 2439 481 2511 13,
499 2441 516 2498 6
533 2440 667 2514 primum
687 2438 721 2497 dc
741 2456 839 2582 assore
852 2439 904 2498 laec
918 2439 1070 2511 comperit:
1087 2440 1200 2512 primo,
1222 2441 1331 2516 inquit,

188 2578 248 2637 iam
269 2575 404 2648 infensus
424 2580 465 2634 est
484 2592 585 2647 senes,
608 2574 710 2633 deiude
730 2573 863 2649 ‘provida
885 2573 1069 2647 ePompicilc
1087 2573 1145 2632 cst’
1162 2570 1332 2650 Gdrccrim

189 2659 231 2740 (v.
244 2655 306 2741 11).
371 2660 386 2718 I
401 2663 428 2731 5,
443 2662 459 2718 7
476 2662 507 2719 id
521 2662 660 2720 mutand:
675 2676 747 2718 noue
761 2660 835 2718 dicit
850 2657 918 2729 ‘id’,
935 2653 966 2715 cd
978 2659 1010 2718 id
1020 2660 1098 2718 cuim
1108 2658 1148 2718 ud
1158 2657 1332 2736 'donaparat

189 2798 410 2857 mmmissuruuc
428 2797 501 2854 mihi
519 2800 640 2871 paulum
659 2794 790 2854 uuorem’
811 2794 853 2869 (v.
867 2795 908 2869 6).
995 2792 1069 2864 112,
1088 2795 1103 2851 1
1125 2793 1168 2854 sic
1186 2793 1260 2854 olidi
1282 2793 1331 2855 ‘aa

188 2933 258 3007 quid
271 2931 390 2993 Andria
411 2875 507 2992 ascl)
524 2930 552 3008 (Ι
572 2935 597 3002 1,
614 2928 680 3005 46).
768 2931 826 3005 Le,
843 2932 882 2989 59
901 2935 933 2990 ut
954 2927 1096 3005 Verpilius
1115 2928 1186 3002 ‘suit
1207 2872 1262 2990 aut
1276 2931 1330 2991 titt

188 3018 343 3091 quicquum
358 3019 438 3077 dulce
452 3017 504 3076 m.'
522 3015 609 3092 (Aen.
626 3015 668 3074 IV
685 3014 769 3092 317).

274 3101 332 3160 Sed
348 3103 429 3161 satis.
453 3120 524 3177 ergo
540 3107 612 3160 nota
626 3111 661 3179 77
675 3098 718 3180 (Ἰ)
735 3103 889 3177 poetarum
907 3100 995 3158 verba
1010 3097 1137 3158 averbis
1150 3097 1329 3160 scholiastae

187 3193 397 3263 segregantur:
422 3190 512 3262 atque
533 3185 633 3244 hocin
649 3186 789 3245 lemmata
804 3184 958 3260 praecipue
973 3185 1078 3244 cadere
1093 3185 1327 3244 consentaneum

187 3278 242 3331 est.
273 3271 315 3330 ita
334 3276 432 3330 autem
454 3272 504 3349 μιῇ
530 3266 597 3349 ὁδῷ
613 3272 647 3328 ut
662 3272 747 3329 aiunt
762 3276 792 3328 et
809 3270 852 3329 vis
867 3268 954 3328 huius
969 3271 1057 3329 notae
1073 3267 1220 3344 explicata
1235 3274 1284 3328 est
1297 3273 1329 3331 et

188 3357 282 3432 origo.
313 3357 499 3432 agnoscimus
514 3355 593 3415 enim
610 3354 732 3431 diplen>
750 3374 838 3430 quam
854 3356 1005 3428 scriptores
1018 3354 1112 3412 uestri
1125 3353 1281 3426 adponant
1295 3356 1328 3415 ia

188 3442 271 3502 libris
295 3443 548 3502 ecclesiastieorum
574 3442 703 3500 uirorum
730 3443 769 3500 od
788 3439 955 3515 separando
974 3440 1018 3499 ccl
1037 3438 1077 3498 ad
1097 3437 1328 3500 demonstranda

190 3522 906 3603 testimonioempturarumsoo·arum(1sidor.l
919 3520 990 3602 20):
1006 3523 1084 3582 unde
1098 3540 1239 3581 anserum
1255 3542 1332 3600 quos

190 3629 326 3670 vocamus
349 3612 476 3687 pediculi
499 3612 562 3671 nati
584 3616 636 3670 aut·
657 3612 805 3687 simplices
826 3623 878 3668 aut
900 3609 1033 3684 duplices
1054 3607 1165 3683 passim
1187 3606 1330 3669 inlibris

189 3697 397 3771 manuscriptis
424 3701 597 3755 occurrunt:
625 3697 662 3755 cl.
691 3696 893 3754 Maurinorum
920 3698 993 3753 tom.
1015 3691 1060 3751 111
1089 3711 1118 3767 p.
1140 3690 1222 3770 486,
1248 3691 1331 3753 Pron

189 3782 318 3839 manual.
338 3782 487 3856 palaeogr.
505 3803 532 3857 p.
550 3784 607 3840 151
631 3780 682 3839 ubi
703 3780 812 3838 formas
831 3779 920 3838 habes
942 3782 1061 3838 nostrae
1084 3775 1262 3837 simillimas.
1299 3779 1330 3838 in

190 3865 324 3924 Parisino
347 3870 446 3923 autem
462 3866 573 3924 Donati
595 3866 682 3923 modo
705 3865 829 3939 simplex
850 3881 866 3942 η
887 3864 976 3922 modo
998 3861 1107 3937 duplex
1122 3870 1159 3940 Τ)
1171 3861 1202 3919 in
1223 3862 1330 3922 eedem

191 3949 349 4009 adhibetur
374 3969 469 4026 neque
492 3951 586 4008 ullum
609 3949 765 4023 dispicitur
786 3948 946 4008 discrimen
966 3948 1024 4007 nisi
1046 3945 1125 4022 quod
1147 3944 1199 4003 illa
1221 3945 1329 4021 forma,

189 4035 313 4110 antiqua
333 4035 460 4108 scilicet,
488 4035 582 4092 multo
603 4035 661 4091 iani
684 4037 729 4093 est
749 4032 843 4091 rarior
864 4052 951 4109 quam
973 4030 1096 4106 duplex,
1124 4048 1199 4107 quae
1221 4047 1258 4088 ex
1277 4030 1332 4090 illa

193 4121 321 4178 accrevit
336 4139 396 4179 non
411 4120 498 4178 aliter
514 4138 546 4178 ao
563 4119 669 4176 ductus
680 4117 805 4192 simplex
817 4136 876 4193 quo
889 4118 924 4175 ad
937 4116 1100 4191 proximam
1113 4114 1224 4173 lineam
1236 4115 1332 4176 verba

190 4205 441 4263 continuabantur
469 4199 527 4285 (·),
555 4204 661 4261 deiude
687 4202 854 4277 duplicatus
882 4205 942 4278 est,
977 4201 1013 4258 cl.
1036 4199 1163 4258 Maurin.
1186 4205 1261 4258 tom.
1283 4200 1332 4261 ΠΙ

189 4308 217 4364 p.
231 4290 304 4355 486.Ι
327 4309 417 4348 unum
434 4291 553 4366 quidem
569 4306 678 4347 novum
697 4287 814 4346 videtur
829 4286 909 4363 quod
925 4290 1012 4345 notae
1028 4303 1088 4344 non
1104 4283 1259 4359 adpositae
1275 4287 1330 4346 sed

187 4375 391 4450 superpositae
406 4381 485 4434 sunt.
