2768 4830
115 287 178 352 310
199 293 360 349 PRabbow:
373 293 407 350 de
416 291 521 349 Donati
530 294 688 349 commento
699 290 898 348 in'l'erent-ium
910 308 983 363 spec.
993 290 1223 348 observationum
1236 291 1262 350 1.

198 462 292 522 Andr.
308 461 339 520 Il
356 464 383 534 1,
401 462 439 520 12
462 480 592 521 amorem
613 462 681 521 huic
702 461 829 543 narrabo
847 480 962 520 meum:
985 464 1039 520 nec
1054 459 1188 518 studium
1205 463 1260 519 ent

113 548 298 607 voluntatem
321 545 370 606 sed
394 549 560 619 ‘amorem’,
582 564 636 605 nec
656 546 788 622 aperiam
811 546 862 605 sed
879 544 1027 604 ‘narrabo'
1045 544 1135 618 dixit,
1156 547 1258 604 totum

113 631 279 709 magnifice.
365 629 438 690 ibid.
460 632 499 690 37
521 649 577 708 ego
598 649 668 691 uero
691 649 725 690 ac
744 631 866 690 lubens:
889 649 976 689 nemo
999 629 1075 689 liber
1096 629 1176 706 fugit
1197 630 1258 689 nisi

113 717 287 778 necessitate
302 720 435 788 coactus,
452 715 499 774 hic
513 717 603 775 etiam
619 715 739 777 ‘libens'
757 715 831 774 dixit
847 714 925 791 quod
942 717 988 774 est
1001 714 1141 774 libenter.

78 810 94 858 5
196 800 273 860 Eun.
285 799 333 859 III
348 804 374 874 1,
388 801 427 860 32
438 801 505 877 plus
519 801 614 861 milies
628 801 686 859 iam
699 800 813 859 audivi:
830 796 992 877 ὑπερβολὴ
1005 801 1058 858 aut
1069 798 1259 874 superfertur

113 889 166 945 aut
194 887 339 962 aequatur
365 889 416 944 eut
442 885 584 945 subiacet.
621 884 808 961 superfertur
827 903 922 963 nunc,
949 887 1094 960 aequatur
1117 883 1256 958 ‘milies’3

113 971 247 1030 subiacet
272 973 307 1029 ut
329 969 458 1029 ‘tantum
479 987 538 1029 non
563 969 682 1031 milies'.
769 970 909 1028 conuenit
930 969 1057 1028 stultum
1079 968 1204 1028 eundem
1228 973 1259 1027 ot

111 1057 315 1116 immemorem
335 1072 415 1129 esse,
438 1052 509 1131 quia
529 1057 560 1114 et
580 1050 762 1134 <memoria>
783 1053 990 1130 intellegentia
1005 1056 1060 1113 est.
1146 1052 1175 1110 V
1189 1055 1220 1127 4,
1237 1055 1257 1110 4

111 1160 182 1200 nam
202 1144 236 1198 ut
256 1139 391 1199 omittam
413 1141 493 1216 quod
517 1140 544 1198 ei
566 1158 593 1199 a.
613 1140 641 1198 d.
658 1159 684 1198 e.
701 1160 742 1200 c:
763 1158 830 1200 cum
852 1139 948 1198 dicere
970 1137 1093 1197 deberet
1114 1137 1208 1214 ‘quod
1230 1139 1258 1196 ei

63 1233 96 1280 1ο
113 1244 242 1284 amorem
267 1223 475 1284 difficillimum
497 1228 527 1283 et
546 1224 734 1285 carissimum
756 1223 893 1300 confeci',
920 1223 1017 1298 primo
1039 1222 1124 1299 quasi
1145 1222 1259 1282 oblitus

113 1311 185 1370 dicti
207 1308 367 1385 superioris
385 1310 506 1369 transiit
521 1308 558 1368 ad
575 1309 732 1386 virginem,
750 1308 855 1368 deiude
871 1308 987 1367 addidit
1002 1307 1092 1366 ‘earn'
1110 1305 1154 1385 (r.
1173 1302 1206 1388 6)
1222 1327 1258 1367 ex

113 1393 287 1454 abundanti.
357 1392 401 1450 -V
423 1396 457 1466 8,
480 1395 519 1454 59
546 1394 598 1453 isti
624 1397 654 1453 te
680 1393 873 1470 ignorabant:
899 1391 1027 1470 figurate
1053 1392 1185 1469 dilogia.'
1217 1393 1255 1451 ad

112 1482 272 1555 utrumque
298 1479 378 1537 enirn
398 1479 529 1553 pertinet
550 1484 581 1537 et
601 1479 638 1538 ad
659 1478 779 1538 leudem
798 1481 830 1537 et
852 1477 889 1536 ad
909 1474 1071 1556 (vitium).
1160 1495 1258 1538 mores

114 1563 231 1623 ostendi
245 1566 284 1626 t:
303 1566 334 1622 et
348 1562 404 1622 hoe
418 1563 602 1640 ambignum.

66 1647 315 1724 sandapila,
333 1650 372 1707 69
408 1648 813 1708 Aeetamenbeecsunt—
849 1648 981 1723 Aquam
993 1647 1041 1707 hic
1054 1647 1258 1724 non-flagi·

451 1733 632 1792 contineant.
698 1731 699 1734 ’
891 1732 978 1791 tium.

409 1816 431 1877 C
452 1816 813 1894 ‘aliquid'veroedmino
848 1815 873 1874 Β
893 1820 924 1875 et
939 1817 1028 1875 simul
1045 1849 1085 1859 —
1102 1816 1200 1877 Micio.

423 1963 425 1966 Α
451 1903 576 1961 randum
592 1906 647 1962 est.

409 1987 433 2045 B
452 1987 530 2064 quod
556 1985 672 2046 addidit
695 2021 732 2030 —
756 1986 814 2045 vir·
850 1983 1261 2062 Onondeditaliquidz‘ali·

451 2073 530 2148 gine.
893 2069 1259 2146 quid’dicendopraeter·

891 2155 974 2213 misit
995 2154 1046 2214 'rel
1067 2150 1260 2217 ‘mercedem'

892 2239 940 2299 rel
955 2258 1122 2299 numerum.

113 2325 160 2386 Ill
173 2328 201 2399 3,
212 2326 251 2384 25
268 2325 340 2385 milri
354 2325 475 2403 quidem
491 2344 551 2385 non
564 2326 678 2401 placet:
694 2343 797 2384 rursus
810 2325 866 2384 hoc
878 2325 915 2383 ad
926 2343 1036 2384 senem.
1123 2324 1168 2383 IV
1180 2327 1209 2399 2,
1218 2328 1261 2387 48

114 2414 145 2470 et
160 2412 217 2471 erit
232 2411 436 2470 ‘silicernium’
452 2429 542 2471 senex
558 2411 610 2487 qui
626 2410 684 2469 ium
700 2410 818 2486 iamque
834 2409 991 2469 silentibus
1006 2409 1180 2486 umbrisque
1197 2429 1260 2471 cer-

65 2500 97 2547 25
114 2496 230 2556 nen'dus
245 2497 293 2568 sit,
310 2500 341 2555 et
356 2496 398 2555 sic
413 2498 459 2555 est
469 2495 576 2555 melius
590 2514 679 2572 quum
692 2497 726 2553 ut
738 2494 859 2570 quidam
870 2491 1010 2570 γέροντα
1022 2496 1260 2570 interpretentur

115 2586 254 2656 putantes
275 2579 336 2654 γῆν
357 2576 501 2656 ὁρῶντα,
524 2581 616 2639 sicet
635 2598 690 2640 nos
713 2579 918 2638 ‘silicemium'
941 2579 1115 2655 intellegere
1137 2579 1194 2640 hoc
1213 2586 1262 2641 est

114 2666 226 2726 silicem
252 2668 420 2725 cernentem
446 2684 546 2724 senem
573 2665 644 2722 dum
672 2664 813 2724 incurvus
839 2667 885 2723 est
970 2662 998 2720 V
1013 2664 1042 2738 3,
1058 2664 1099 2721 44
1126 2669 1157 2723 at
1178 2665 1261 2725 enim

114 2752 242 2811 metuas:
260 2745 412 2812 ἀντίθεει(
426 2749 464 2809 ed
479 2749 607 2826 priorem
623 2751 786 2808 tractatum
801 2748 954 2825 pertinens
967 2748 1018 2825 qui
1031 2753 1076 2808 est
1086 2750 1207 2810 habitus
1220 2750 1259 2810 de

114 2836 342 2911 consumptione
358 2835 400 2893 rei
416 2833 580 2894 familiaris.
970 2853 972 2857 ·

183 2972 198 3019 2
222 2968 360 3019 ‘narrabo'
384 2969 462 3033 quasi
485 2967 608 3018 iebulern
627 2967 835 3018 Romanensem.
872 2967 954 3016 aliter
973 2973 1001 3016 et
1019 2971 1113 3017 temen
1132 2967 1264 3020 similiter

116 3036 200 3089 schol.
220 3037 262 3087 111
281 3037 305 3100 1,
325 3038 356 3087 19
429 3039 459 3090 ,6
480 3037 642 3101 exprimitur
659 3035 802 3086 vernilibus
821 3051 835 3084 e
855 3035 993 3085 contrario
1012 3035 1085 3086 sicut
1103 3034 1262 3088 liberalitas

116 3104 200 3156 schol.
224 3105 295 3155 Eun.
317 3103 359 3154 ΙΙΙ
382 3105 406 3167 2,
424 3105 456 3154 47
544 3106 559 3155 o
584 3103 669 3154 schol.
689 3103 800 3154 ¹Phorm¹
821 3103 879 3164 Ι2,
899 3103 930 3153 18
1018 3105 1048 3153 11
1074 3104 1158 3153 schol.
1182 3121 1208 3155 v.
1227 3107 1262 3156 30

185 3174 216 3223 ts
239 3172 328 3221 trinas
352 3171 548 3222 adnotationes
567 3170 699 3236 gemellas
718 3170 821 3225 litteris
840 3170 960 3235 signavi.
986 3171 1141 3237 explicetur
1159 3171 1263 3222 lenitia

116 3241 202 3306 patris
221 3239 268 3305 qui
286 3238 392 3304 culpem
411 3238 460 3289 filii
478 3239 661 3303 vituperando
679 3238 821 3289 detrahet:
845 3237 942 3289 meluit
956 3238 1083 3289 damnum
1097 3238 1263 3291 adumbrare

117 3323 197 3373 quem
217 3312 313 3372 aperta
333 3307 506 3358 ‘mercedem'
526 3307 712 3357 meretriciam
729 3305 773 3356 vel
792 3306 875 3356 etiem
894 3320 1031 3356 numerum
1049 3308 1184 3371 pecuniae
1198 3324 1262 3370 pro·

115 3379 244 3426 nuntiare
313 3378 346 3426 23
365 3374 452 3426 schol.
471 3392 496 3426 v.
509 3377 540 3424 21
561 3380 589 3424 et
606 3377 639 3424 26
708 3377 741 3425 26
759 3375 791 3424 E.
805 3374 841 3426 M.
859 3390 885 3439 p.
897 3376 948 3424 226
965 3375 1012 3424 ubi
1024 3390 1049 3429 v.
1064 3373 1271 3426 Gaisfordium.‘

115 3444 297 3509 veriloquium
325 3443 455 3492 Latinum
485 3442 591 3509 sprevit
619 3443 704 3492 etiem
731 3442 836 3493 Nouius
863 3459 885 3496 s.
913 3441 1095 3504 silicernium,
1126 3442 1263 3493 Graecum

116 3512 311 3577 grammaticus
330 3511 424 3561 nescio
443 3510 503 3576 qais
522 3509 612 3560 Crem.
630 3509 757 3575 A0.1p.
775 3512 823 3561 103
841 3507 868 3563 ol
885 3508 916 3561 δὲ
935 3508 1116 3571 πλανώμενοι
1134 3508 1263 3572 λέγουαν

116 3578 155 3631 «ὁ
174 3575 213 3631 εἰ(
230 3578 286 3643 τὴν
303 3580 359 3643 γῆν
374 3577 479 3644 spur».
502 3605 532 3614 -
553 3577 688 3644 ‘equidem
702 3577 857 3628 comoediae
870 3576 982 3628 titulum
995 3578 1080 3628 lutere
1094 3577 1140 3628 hio
1153 3579 1263 3643 opinor’

116 3649 287 3698 Hartmenus
356 3648 389 3698 28
406 3654 482 3711 prior
499 3653 626 3697 tractatus
643 3662 687 3696 vv.
703 3649 812 3706 uti-ua,
832 3663 857 3695 v.
868 3648 902 3696 34
915 3651 992 3696 extat
1006 3646 1261 3696 ‘consuetudinem’

184 3769 199 3816 2
224 3763 359 3832 aperiam]
383 3771 477 3830 petam
500 3766 562 3816 libri
583 3768 647 3830 vulp.
722 3760 852 3832 narrabo]
876 3765 1030 3829 impetrabo
1053 3767 1118 3815 coni.
1143 3765 1263 3830 Sebopen

184 3836 200 3885 3
219 3831 302 3899 liber]
322 3833 441 3884 libenter
459 3833 519 3884 libri
535 3836 599 3898 vulp.
668 3835 684 3883 6
703 3833 880 3896 superfutura
899 3838 929 3881 ut
947 3838 1083 3897 aequetur
1096 3832 1190 3897 (etur)
1203 3835 1266 3886 libri

116 3906 193 3967 vulp:
213 3908 260 3952 aut
277 3904 373 3965 sumpsi
384 3918 419 3952 ex
435 3903 580 3952 Leidensie
649 3901 665 3950 6
682 3900 812 3950 subiacet
824 3896 1027 3964 superfuturum
1042 3908 1158 3966 equatur
1170 3903 1263 3954 milies

116 3972 184 4035 libri,
204 3968 297 4021 Klotz:
321 3985 367 4023 om.
385 3972 449 4034 arip.
531 3971 547 4020 8
564 3962 736 4036 (memorie)
753 3968 850 4018 inserui
929 3968 960 4017 11
982 3965 1052 4036 eam]
1074 3984 1184 4020 causum
1204 3971 1265 4022 libri

116 4042 180 4105 orrlp.
205 4040 233 4100 (i.
252 4054 275 4103 e.
295 4034 365 4099 cim)
449 4038 479 4088 13
502 4036 536 4087 ad
554 4051 650 4087 mores.
686 4035 809 4087 ostendit
827 4040 855 4085 et
872 4034 925 4085 hoc
942 4039 1005 4101 vulp.
1024 4037 1084 4087 libri
1165 4040 1195 4088 ll
1214 4039 1263 4088 ad·

118 4107 271 4158 mirandum
288 4106 355 4170 libri,
374 4107 414 4155 ed.
432 4105 531 4154 Veneta
549 4105 583 4169 cf.
597 4104 740 4155 Klotzium:
759 4103 924 4153 admirantis
938 4107 1003 4169 vulp.
1017 4109 1073 4156 emi
1141 4107 1171 4154 21
1192 4121 1263 4156 mer-

119 4172 224 4238 cedem]
243 4175 412 4225 meretricem
425 4173 486 4223 libri
495 4175 560 4237 oulp.
630 4175 663 4224 23
681 4169 784 4237 rursus]
799 4170 860 4236 plus
872 4171 932 4222 iibri
943 4175 1008 4236 culp.
1076 4175 1108 4222 25
1126 4171 1261 4240 γέροντα]

118 4243 295 4307 xenophonte
306 4242 464 4304 (zenofeuta
474 4239 577 4304 similia)
587 4239 647 4290 libri
654 4242 733 4304 culp:
747 4255 792 4290 em.
802 4239 829 4288 V
827 4241 908 4290 oasim
916 4242 1024 4291 lectione
1033 4241 1265 4306 Lindenbropiuna

118 4312 188 4361 nisce
210 4310 321 4374 quidam
344 4309 529 4374 Xenophonte
553 4311 771 4373 interpretantes
794 4313 892 4373 putent
914 4308 969 4372 sic,
995 4309 1029 4372 cf.
1053 4309 1222 4360 Forcellinius
1240 4327 1263 4361 s.

118 4379 271 4429 silicernium
340 4380 372 4428 26
390 4377 567 4441 xenophonte
584 4376 645 4426 libri
660 4379 724 4440 vulp.
794 4377 827 4427 29
846 4376 1041 4427 consuetudine
1060 4378 1120 4427 libri
1135 4380 1200 4444 culp.
