2768 4830
109 315 327 383 ,Pssabbowade
337 314 439 388 Donati
450 313 817 374 commentoinTerentium
829 329 903 384 spec.
915 313 1143 374 observationum
1152 313 1172 369 1.
1195 305 1258 371 329

116 484 231 544 intulit.
260 484 292 548 at
307 481 441 542 Donatus
462 483 596 558 quintam
618 483 743 542 retinuit
758 481 915 558 Hecyram.
945 481 1016 556 quid
1033 479 1114 541 Leo?
1144 481 1259 552 maluit,

118 570 146 627 ai
149 567 297 642 t‚tDona
284 572 333 626 tus
353 567 390 625 ab
413 587 446 627 eo
469 587 556 643 quem
580 568 732 631 incohavit
719 565 850 626 tordius
865 567 1002 626 recedere
1018 584 1106 641 quarn
1124 566 1260 642 Hecyrae

117 671 275 719 numerum
287 657 351 711 mut
354 671 402 710 are
405 652 488 728 ,quia
500 653 666 712 indiciumt
653 651 721 727 tale,
730 651 835 727 quale
827 670 858 710 m
864 650 1008 727 Adelphis
1022 670 1057 709 ex
1069 651 1259 726 inscriptione

117 738 183 813 peti
199 739 346 813 potuerat,
363 737 393 794 ιιι
410 737 527 813 Hecyra
541 737 646 796 mutet
639 755 700 795 ιοιιι
692 736 905 796 succurrebat
919 735 1100 796 ιιιι]1ιιι·ιι.ι
1074 737 1084 794 ι
1087 739 1175 832 taque
1190 739 1259 811 post

117 823 310 883 Formionem
325 824 469 897 perrexit:
516 834 531 880 J

196 905 230 960 V
246 906 365 983 Hecyra
382 903 436 982 [VI
452 906 551 965 Heaut
538 904 832 982 tontimorumenos]

177 1053 183 1059 ,
205 991 282 1050 Hinc
303 1010 374 1050 vero
390 992 468 1050 male
482 991 629 1054 claudicat
644 991 791 1050 sententia
806 990 866 1049 illa.
898 1009 965 1049 narn
981 990 1060 1048 idem
1076 990 1212 1049 Donatus
1228 992 1262 1049 ut

106 1075 252 1145 ,ordinem
269 1074 323 1141 DG
340 1074 482 1152 efiiceret,
496 1076 674 1134 Eunuchum
690 1076 778 1135 tertio
794 1075 860 1134 loco
876 1075 1067 1149 substituere,
1084 1074 1264 1133 Heautonti-

116 1179 314 1220 morumenon
335 1179 409 1236 quae
422 1161 648 1224 ¹numerabatur
665 1160 755 1219 tertia
775 1161 927 1220 retrudere
950 1159 1071 1218 minime
1087 1161 1200 1219 veritus
1215 1161 1262 1218 est

118 1244 188 1323 (ubi
208 1245 279 1321 quid
302 1246 490 1304 succurrebat
511 1241 666 1324 indicii?):
690 1245 796 1305 deinde
812 1263 878 1304 cum
899 1243 1262 1321 Heautontimorumenos,

118 1335 156 1388 ut
169 1329 315 1395 ‚ordoDG
330 1334 490 1407 teneretur,
513 1331 618 1408 quinto
634 1330 699 1389 loco
715 1335 794 1390 esset
809 1329 1034 1402 substituenda,
1056 1329 1173 1405 Hecyra
1187 1347 1260 1406 quae

115 1415 328 1482 numerabatur
355 1417 474 1491 quinta,
505 1414 698 1485 retrudenda,
729 1433 794 1474 esse
818 1415 949 1473 veritum
974 1417 1130 1491 putamus,
1157 1433 1263 1491 quam·

116 1517 210 1575 quam
232 1499 271 1557 in
299 1498 467 1558 didascaliis
497 1500 642 1559 librorum
668 1499 1032 1559 Heautontimorumenos
1047 1497 1184 1572 pluribus
1209 1517 1263 1557 nu·

117 1584 211 1649 meris
227 1583 372 1660 Hecyram
389 1585 586 1659 praecedebat
601 1603 689 1659 quam
703 1584 864 1643 Eunuchus
877 1581 1260 1642 Heautontimorumenon?
1284 1590 1287 1595 ’

114 1670 246 1745 utroque
266 1667 332 1728 loco
353 1687 440 1728 causa
461 1675 524 1727 erat
539 1669 660 1728 eadem:
683 1687 735 1727 cur
755 1669 849 1728 altero
872 1668 940 1727 fecit
960 1668 1039 1743 quod
1056 1669 1150 1726 altero
1163 1667 1260 1727 facere

118 1771 212 1813 ausus
238 1771 298 1812 non
319 1751 385 1812 est?
414 1755 520 1811 maluit
541 1754 678 1813 videlicet
699 1773 757 1826 qua
776 1761 840 1812 erat
860 1753 971 1814 subito
983 1756 1087 1826 captus
1108 1752 1261 1828 religione,

117 1837 483 1904 Heautontimorumenon
500 1852 552 1914 pos
555 1838 729 1915 Htecyram
745 1839 927 1897 conlocatam
944 1856 997 1898 nec
1013 1856 1080 1896 cum
1095 1836 1261 1898 litterarum

117 1922 225 1982 ordine
241 1940 295 1981 nec
310 1940 376 1981 cum
393 1941 426 1980 eo
444 1923 495 1998 qui
510 1926 575 1982 erat
589 1923 767 1983 didascalico
783 1923 957 1983 consentire.

161 2044 163 2048 =
206 2006 314 2083 Itaque
334 2008 424 2071 etiam
447 2013 515 2083 post
502 2008 694 2067 tLeonem
687 2027 718 2066 ιιι
738 2008 842 2068 ordine
862 2007 1028 2066 fabularum
1050 2005 1187 2065 Donateo
1208 2007 1260 2066 ali

117 2094 217 2169 quant
218 2110 267 2150 um
290 2091 446 2151 haeremus
467 2111 501 2151 ac
523 2093 609 2151 modo
625 2111 679 2151 oon
682 2094 793 2168 tigerit
800 2093 1000 2189 quaestionem
1017 2091 1201 2167 probabilius
1217 2110 1264 2152 ex·

118 2177 240 2254 pedire,
267 2176 349 2240 illius
370 2177 594 2252 explicationem
615 2177 780 2239 reiciemus.
800 2213 801 2216 =
819 2181 851 2236 at
871 2177 1035 2236 rectissime
1057 2174 1134 2234 idem
1156 2176 1263 2235 statuit

115 2262 201 2339 quod
226 2259 357 2319 Andriae
378 2260 513 2338 Hecyrae
533 2262 721 2321 Phormionis
747 2264 778 2321 in
803 2260 1034 2338 praelationibus
1060 2261 1264 2320 numericam

117 2346 207 2406 libris
234 2345 420 2412 Terentianis
447 2348 632 2423 conspirant,
655 2348 865 2422 ‚Adelphorum
892 2348 923 2406 et
947 2345 1084 2404 Eunuchi
1108 2363 1170 2407 non
1195 2364 1263 2406 conr

118 2431 249 2510 spirant,
264 2431 364 2505 ipsum
380 2434 530 2492 auctorem
545 2432 761 2508 praelationum
777 2436 907 2491 mutasse
919 2448 1058 2491 numeros
1071 2429 1263 2491 didascalicos

117 2521 153 2587 in
169 2514 225 2588 his,
241 2533 373 2574 servasse
388 2516 505 2581 inillis.
529 2536 588 2592 qua
603 2517 753 2580 sententia
768 2516 960 2592 comprobata
975 2516 1158 2574 decertatum
1173 2515 1263 2574 simul

119 2601 182 2661 erit
206 2605 309 2659 contra
331 2599 601 2676 Umptenbachium
623 2598 665 2678 (p.
680 2598 746 2678 XL)
773 2607 803 2660 et
827 2619 914 2676 quem
940 2600 991 2658 ille
1010 2599 1152 2658 asseclam
1173 2599 1265 2658 habet

119 2687 275 2756 Bosseum
288 2687 455 2761 quaestion.
479 2685 647 2749 Terentiae.
668 2706 697 2762 p.
715 2688 733 2745 8
750 2705 815 2761 sqq.
836 2704 890 2745 nec
910 2704 970 2744 non
990 2683 1041 2760 qui
1055 2683 1149 2743 Leoni
1170 2684 1264 2744 retra⁶

117 2775 210 2848 gatus
231 2772 277 2828 est
291 2769 499 2829 Dziatzlronem
522 2791 596 2830 mus.
613 2771 707 2832 Rhea.
724 2770 847 2830 XXXIX
868 2790 897 2846 p.
914 2771 975 2829 339
996 2769 1063 2828 adn.
1092 2774 1124 2826 et
1139 2770 1217 2827 enim
1234 2769 1265 2828 in

117 2853 267 2930 Adelphis
293 2859 324 2912 et
343 2854 486 2913 Eunucho
508 2856 667 2920 scholiasta
687 2855 861 2918 didascalice
882 2855 1015 2913 mutandi
1035 2854 1183 2912 licentiam
1206 2853 1264 2912 sibi

120 2940 261 3014 sumpsit,
277 2944 311 2997 ut
326 2957 401 3014 qnae
416 2939 541 2999 referret
555 2959 621 2999 cum
639 2945 767 3001 tractatu
784 2940 968 3014 conciliaret3
985 2940 1153 3015 inutraque
1166 2938 1263 2997 didas-

120 3023 200 3085 calia
214 3028 303 3099 caput
318 3023 416 3098 ipsum
431 3023 474 3082 VI
488 3025 568 3100 quod
583 3044 740 3085 numerum
755 3025 873 3083 fabulae
888 3023 1025 3096 exhibet,
1039 3033 1070 3083 et
1086 3024 1164 3098 quod
1181 3027 1263 3082 ante·

120 3107 243 3179 ceditV
267 3108 347 3167 illius
369 3108 470 3167 ferunt
491 3111 636 3186 vestigia,
662 3129 732 3169 nam
754 3113 869 3168 sextum
893 3110 924 3169 in
946 3113 1073 3183 utraque
1095 3113 1176 3167 caret
1196 3117 1264 3168 con·

120 3193 252 3255 salibusz
267 3195 309 3251 ,in
331 3193 446 3251 Andria
472 3198 571 3253 antem
594 3195 711 3271 Hecyra
731 3193 909 3254 Phormione
935 3194 977 3253 nil
1002 3194 1076 3266 tale;
1103 3193 1163 3252 iam
1183 3193 1265 3269 quod

122 3279 242 3339 numeri
258 3277 378 3335 illarum
395 3279 425 3336 in
443 3283 568 3354 utraque
583 3300 600 3341 a
615 3279 897 3339 librisTerentianis
909 3279 1098 3348 dissentiunt,
1115 3279 1146 3336 in
1158 3278 1265 3336 ceteris

122 3362 328 3430 consentiunt:
344 3380 483 3423 numeros
499 3365 578 3440 ipsos
594 3365 798 3424 concludimus
813 3365 844 3422 in
862 3363 919 3424 illis
931 3364 1032 3421 deberi
1045 3362 1140 3420 eidem
1152 3366 1264 3421 retrac-

121 3448 227 3522 tatori,
254 3447 414 3504 dummodo
441 3467 530 3508 causa
555 3448 690 3509 mutandi
717 3450 809 3524 repeti
835 3450 931 3523 possit
956 3466 971 3505 e
993 3450 1135 3506 tractatu.
1169 3451 1263 3522 ,atque

121 3551 241 3602 causam
270 3532 332 3607 ipsa
359 3533 487 3596 indicat:
515 3532 669 3609 Adelphos
695 3534 840 3608 inscripta
865 3538 928 3590 erat
954 3532 1109 3606 Adelphos
1133 3530 1264 3602 Terenti,

123 3617 285 3686 Eunuchus
304 3635 373 3674 vero
391 3615 523 3681 Terentii
539 3619 715 3687 Eunuchus,
738 3636 809 3692 ergo
824 3617 876 3674 illa
892 3617 958 3674 huic
973 3616 1182 3690 praeponenda
1198 3634 1265 3675 con-

121 3703 245 3773 latisiis
262 3720 338 3778 quae
355 3721 384 3776 p.
401 3704 461 3761 328
478 3707 636 3762 atrectatu
652 3704 859 3777 excerpsimus.

209 3787 274 3845 Iam
290 3788 340 3862 qui
357 3787 509 3863 Adelphos
525 3791 576 3846 ant
577 3807 593 3846 e
564 3787 782 3846 tEunuchum
798 3786 1057 3845 inserendamt
1002 3805 1040 3861 pu
1044 3786 1137 3859 tabat,
1115 3785 1180 3843 tei
1197 3785 1265 3843 talis

122 3871 199 3942 ordo
214 3872 379 3930 fabularum
395 3879 459 3930 erat
447 3875 641 3931 tnorandus:

208 3955 223 4016 I
240 3957 353 4015 Andria
371 3957 400 4014 ll
416 3958 569 4034 Adelphos
587 3959 632 4016 III
648 3957 808 4016 Eunuchus
826 3951 883 4035 [IV
900 3955 1050 4014 Heautt
984 3961 1036 4014 ton
1038 3956 1250 4014 timorsumeno
1247 3949 1265 4032 ]

124 4040 153 4098 V
169 4041 309 4102 Phormio
324 4039 367 4098 Vl
386 4042 516 4117 Hecyra,

209 4128 261 4204 qui
282 4127 383 4185 ordo
376 4146 405 4183 ιιι
422 4127 536 4200 praelat
525 4128 655 4187 tionibus
672 4145 766 4203 usque
782 4125 818 4185 ad
833 4089 1009 4184 Eunuchum
1025 4125 1104 4181 recte
1120 4124 1264 4198 procedit,

122 4211 230 4272 deinde
246 4230 303 4271 non
321 4212 475 4270 continuat
478 4231 521 4282 ur,
538 4213 589 4272 sed
601 4209 916 4285 PhormiotetHecyra
931 4214 1068 4284 quartum
1085 4209 1265 4284 atquinium

123 4298 222 4358 locum
245 4297 394 4354 retinuere
411 4315 485 4370 quos
501 4299 629 4356 tenenti
620 4317 650 4356 ιιι
667 4297 810 4354 librorum
827 4295 1069 4353 Terentianorum
1087 4293 1265 4352 didascaliis

207 4381 312 4457 ,Itaque
328 4382 489 4456 repetimus
504 4383 707 4457 quaestionem
726 4399 815 4456 quare
831 4398 884 4455 per
895 4377 1084 4452 Adelphos
1099 4381 1131 4436 et
1145 4378 1265 4436 Eunu·
