2768 4830
117 274 182 338 312
204 279 368 336 Piiabbow:
381 278 415 333 de
423 277 527 333 Donati
539 279 696 334 commento
707 277 736 331 in
745 277 906 334 Terentium
918 297 993 351 spec.
1002 280 1234 336 observationum
1246 283 1268 337 I.

116 466 259 524 quorsum
278 446 370 506 haec?
397 447 538 506 nimirum
554 445 644 521 paulo
660 446 771 504 maiora
786 447 919 507 canimus
931 451 965 506 ut
976 467 1064 507 unam
1078 449 1266 510 insinuemus

115 533 418 592 observatiunculam.
442 537 472 591 et
482 532 562 589 enim
574 531 800 605 compilatorem
814 532 898 590 illum
912 533 963 608 qui
973 533 1116 592 laudabili
1127 554 1159 592 aa
1169 555 1264 610 paene

115 617 236 693 stupida
257 617 415 694 diligentia
431 634 553 675 munere
568 615 690 675 iunctus
705 620 765 690 est,
788 617 904 676 duobus
919 618 992 677 locis
1008 614 1059 678 ἐπ’
1074 612 1264 701 αὐτοφώρῳ

115 702 293 778 deprensum
308 702 516 778 neglegentiae
533 719 734 777 coarguemus.

200 786 277 851 Eun.
294 785 322 843 V
337 788 366 859 8,
382 788 422 844 42
439 805 505 862 sqq.
528 780 707 845 scholiorum
730 785 863 845 ordinem
884 787 936 862 qui
957 788 988 845 in
1010 788 1096 847 libris
1111 792 1157 849 eet
1171 789 1264 850 habes

115 872 195 946 apud
223 871 383 931 Kloteium.
428 871 558 930 discribo
589 869 700 929 scholia
726 889 801 945 quae
828 871 858 930 in
885 872 1069 932 editionibus
1094 877 1173 933 recte
1204 876 1264 935 iere

114 956 269 1027 feruntur,
285 960 319 1015 ut
335 957 393 1016 duo
410 955 613 1015 commentarii
630 959 798 1030 emergant,
814 957 940 1032 gemella
956 957 1066 1017 litteris
1082 959 1184 1034 signo:

201 1041 229 1099 A
244 1041 284 1097 42
299 1043 420 1101 militem
434 1059 484 1116 epo
498 1041 619 1100 riualem
633 1041 832 1113 recipiendum
846 1058 961 1100 censeo:
976 1044 1129 1116 artificiose
1138 1074 1182 1086 -
1194 1046 1265 1106 dicit

115 1119 196 1206 (eia).
282 1128 403 1186 militem
424 1144 474 1201 epo
494 1144 520 1185 r.
542 1143 568 1184 r.
590 1142 630 1183 a:
651 1125 757 1184 nuans
777 1126 916 1185 dicuntur
930 1158 971 1168 —
987 1132 1013 1187 et
1028 1127 1178 1188 Homerus

113 1211 138 1268 B
160 1227 277 1271 censeo:
302 1206 407 1289 (aide)
427 1214 564 1270 arautem
579 1214 690 1284 poetae.
725 1227 787 1268 non
806 1211 880 1270 dicit
900 1211 987 1286 ‘peto'
1009 1214 1071 1272 sed
1092 1211 1263 1290 ‘censeo’,

113 1302 302 1370 tamquam
317 1297 399 1356 iilis
414 1298 487 1355 iam
501 1295 686 1371 consulat,
703 1313 776 1354 non
789 1313 854 1369 pro
868 1297 987 1356 milite
1002 1303 1089 1373 apat

351 1380 410 1439 AB
427 1381 467 1438 42
484 1381 603 1440 mititem
619 1397 668 1456 epo
682 1398 726 1439 r.:
747 1382 899 1441 considera
916 1413 954 1422 -
970 1384 1142 1442 retinendus
1155 1386 1204 1444 sit.
1238 1390 1265 1445 et

266 1483 328 1525 non
343 1466 427 1525 ‘eolo’
443 1464 614 1539 aut‘roposs
628 1465 679 1525 sed
693 1465 814 1525 ‘museo'
830 1471 863 1525 ut
878 1467 1076 1539 consiiiarius,
1095 1485 1158 1527 non
1167 1487 1261 1543 para-

266 1553 340 1611 situs
350 1550 485 1611 rideatur
495 1551 583 1624 ioqui.
605 1566 677 1608 nam
688 1551 765 1623 qnod
776 1582 816 1591 —
828 1568 934 1611 censeo.
1001 1553 1041 1612 43
1058 1555 1151 1628 capita
1161 1556 1267 1615 mador

266 1637 351 1695 modo
373 1667 410 1676 -
433 1639 482 1696 cst.
570 1635 611 1691 44
632 1639 658 1694 et
678 1635 798 1694 libenter
817 1637 908 1695 ainis:
930 1637 962 1697 id
981 1643 1073 1697 est-
1093 1638 1175 1698 edan.

268 1722 308 1780 46
325 1722 511 1794 suppeditare
520 1720 615 1794 possit
628 1737 652 1780 s.
664 1737 688 1779 s.
701 1725 768 1780 tno:
784 1725 836 1779 unt
848 1753 887 1762 —
900 1724 989 1795 operi.
1055 1723 1095 1781 47
1111 1723 1263 1785 adomnia

267 1807 336 1865 haee
351 1837 392 1846 -
407 1805 500 1864 habet.
588 1820 622 1862 444
631 1822 706 1864 usu:
716 1823 773 1879 pro
785 1837 823 1847 -
836 1811 1034 1880 opportunior.
1120 1809 1161 1866 48
1177 1827 1264 1870 nemo

266 1895 324 1950 est:
340 1891 392 1950 liae
406 1895 446 1950 est
462 1890 665 1964 ‘opportunus’
684 1887 805 1965 [lemma
821 1889 938 1962 laisum,
953 1893 1106 1968 pertinent
1120 1893 1157 1950 ad
1169 1894 1263 1953 verba

268 1975 427 2050 ‘principio
449 1979 479 2033 et
499 1973 602 2032 habet'
625 1980 680 2033 etc.
710 1974 747 2032 cf.
768 1974 805 2032 ad
822 1994 848 2033 v.
865 1974 933 2053 49].
1020 1978 1158 2036 144444-
1175 1979 1263 2040 dines.

352 2064 378 2119 et
399 2061 449 2119 dat
470 2091 511 2101 -
532 2059 669 2118 liberatis.
757 2060 796 2118 49
818 2059 922 2131 fatuus
942 2066 999 2120 est:
1020 2062 1073 2121 boe
1087 2068 1128 2122 est
1143 2061 1191 2122 ‘ea
1204 2083 1263 2124 usu

267 2145 338 2204 tno’.
406 2143 587 2209 Cinsnisns:
599 2146 662 2204 sine
675 2178 712 2186 —
725 2143 875 2215 facilitate.
941 2145 968 2204 D
981 2148 1085 2206 tardus
1096 2178 1136 2189 -·
1148 2150 1263 2209 seilicet.

350 2231 458 2289 stertit:
476 2262 513 2270 -
531 2230 644 2289 dormit
730 2233 879 2303 4444444444
894 2235 920 2289 et
935 2231 1012 2290 dies:
1028 2233 1100 2305 plns
1114 2234 1264 2307 sipniptcat

267 2333 356 2389 qnam
370 2317 397 2374 si
412 2310 557 2392 <diceret>
574 2313 686 2373 ‘diebus
700 2331 736 2374 aa
749 2315 904 2390 noctibus',

115 2404 153 2458 ut
167 2400 230 2460 boc
244 2401 324 2475 ipso
338 2403 482 2459 nomine
498 2400 711 2459 consiliarii
725 2401 935 2459 auctoritas
950 2401 1065 2460 inesse
1080 2402 1264 2463 rideatur.

199 2484 240 2543 49
260 2486 381 2558 fatuus:
402 2517 441 2526 —
464 2486 574 2544 anima.
661 2485 781 2543 tardus:
802 2502 918 2559 corpore
940 2517 979 2526 —-
1000 2491 1027 2545 et
1044 2487 1091 2545 iric
1105 2483 1262 2548 ‘'insulsus'

115 2575 155 2628 est
171 2564 294 2649 [omissa
309 2572 354 2628 est
370 2570 528 2644 explicatio
544 2568 625 2627 vocis
641 2563 791 2648 ‘tardus’].
864 2566 920 2627 OD
936 2571 986 2629 sed
999 2572 1071 2630 mibi
1088 2603 1126 2612 -
1142 2573 1263 2634 odiosis·

114 2656 190 2714 sima
205 2659 253 2714 est.
339 2655 443 2727 fatuus
456 2655 604 2714 imsulsus:
619 2659 689 2713 sunt
703 2656 753 2727 pui
769 2685 806 2694 -
824 2654 978 2727 loquentes.
1066 2656 1090 2712 E
1105 2656 1210 2726 fatuus
1222 2664 1264 2719 est

116 2741 263 2799 insulsus:
278 2741 402 2800 14444-
412 2743 607 2814 persequitur.
1163 2794 1166 2800 .

352 2824 376 2881 Ε
392 2824 495 2896 fotuns
509 2829 550 2884 est
565 2824 711 2883 insulsus:
726 2824 796 2882 haee
812 2823 881 2883 bene
895 2825 1048 2884 adduntur
1059 2827 1129 2898 qnia
1142 2821 1264 2906 <qn0d>

267 2911 340 2969 dicit
365 2913 402 2968 ‘et
421 2910 505 2969 babet
524 2910 600 2982 quod
622 2909 667 2968 det
688 2913 713 2968 et
735 2910 785 2968 dat
804 2927 887 2969 nemo
908 2909 1030 2984 tarpins’
1054 2911 1095 2971 ad
1114 2928 1178 2971 eam
1198 2930 1263 2972 rem
1295 2967 1297 2973 ,

267 2994 380 3054 calebat
395 2999 427 3054 ut
443 2998 595 3054 amaretur
608 2994 690 3052 mites
704 3011 723 3052 a
738 2996 884 3053 meretrice
899 3011 959 3068 eqs.

117 3077 188 3154 quid
205 3078 392 3153 compilatori
407 3079 562 3154 acciderit,
578 3079 609 3136 in
625 3082 726 3154 aperto
742 3082 798 3137 est.

159 3162 288 3238 Adelph.
302 3160 713 3238 1112,104nonintetiepo:
728 3164 768 3222 ad
778 3163 830 3222 iac
897 3166 924 3222 A
939 3166 1012 3224 satis
1028 3183 1101 3237 qnae
1115 3165 1264 3239 loquitur:

115 3246 249 3307 Sostrata
264 3248 407 3323 ipnorans
421 3249 572 3307 inducitur
586 3253 618 3307 nt
632 3248 709 3308 malo
724 3249 828 3307 nuntio
854 3248 949 3308 adine
963 3267 1024 3308 non
1038 3251 1174 3309 audiente
1188 3248 1264 3312 Geta

115 3337 229 3406 repente
239 3332 375 3404 feriatur.
401 3334 828 3406 etpuiaoportuitipsamprio·
854 3334 990 3407 loquitur.
1008 3335 1263 3397 idcirconeeandr't

114 3435 176 3476 rem
197 3417 291 3493 loqui,
309 3434 450 3493 praesens
471 3419 607 3491 loquitur.
641 3419 711 3490 qnia
732 3422 829 3477 autem
854 3436 918 3478 eam
928 3437 1029 3478 serens
1040 3437 1092 3479 nee
1100 3421 1214 3480 uidetur
1223 3423 1264 3481 ab

115 3520 177 3560 non
202 3507 242 3562 est
259 3504 410 3577 perdenda
428 3508 488 3562 tam
502 3503 603 3563 444444
617 3495 765 3578 rideantur
780 3504 828 3562 do·
854 3521 885 3563 eo
899 3503 1033 3564 Sostrata
1051 3546 1057 3561 .
1075 3547 1082 3561 .
1100 3547 1107 3562 .

116 3588 201 3646 tentis
213 3588 253 3646 ad
265 3590 444 3660 irascentem,
456 3589 561 3648 ideireo
574 3605 635 3646 44444
648 3589 731 3648 cudit
743 3586 825 3661 Gan,

116 3687 272 3732 4444444444
286 3691 323 3732 ne
338 3674 372 3732 ob
387 3673 469 3732 itiam
484 3674 562 3747 loqui
576 3674 699 3733 desinat.

149 3785 286 3822 conserens
304 3771 370 3821 libri
388 3773 580 3823 corr.Teuber
598 3774 626 3821 in
646 3772 743 3822 Fleek.
762 3787 826 3822 ann.
887 3774 942 3822 adit
972 3773 1083 3822 Teuber
1114 3790 1261 3840 perperam

118 3840 182 3890 1891
206 3855 231 3904 p.
252 3840 301 3890 363
325 3840 372 3904 qui
394 3847 488 3890 celera
506 3857 559 3890 non
580 3841 667 3904 magis
686 3840 827 3890 intellexit
887 3843 998 3905 loquitur
1020 3841 1152 3895 Sostrata.
1181 3844 1261 3894 scho-

117 3923 195 3972 quam
207 3907 428 3960 Westerhovius.
447 3909 579 3958 scholium
592 3909 755 3972 probissime
766 3922 827 3971 pro·
853 3906 919 3957 lium
932 3909 1087 3958 mutilatum
1102 3916 1145 3959 eat
1159 3926 1175 3959 a
1187 3927 1261 3962 com-

115 3974 189 4025 cedit
216 3976 294 4026 modo
318 3975 467 4038 intellegas
489 3979 602 4040 priorem
625 3990 705 4040 quam
730 3973 825 4024 Getam
853 3975 1260 4043 pilatore‚sequebanturfere:

116 4042 192 4108 loqui
215 4043 369 4108 oportuisse
392 4041 467 4093 illam
492 4058 562 4110 quae
584 4043 622 4092 ‘in
643 4043 825 4107 praecedente
853 4049 898 4093 ‘ne
922 4044 1053 4108 perdatur
1077 4047 1172 4096 ausvis
1194 4044 1261 4111 ἠθο-

117 4116 228 4160 ecaena’
249 4112 346 4161 adesse
365 4113 418 4160 iam
438 4112 544 4162 debuit:
564 4117 711 4176 propterea
731 4113 757 4158 in
774 4111 825 4160 bac
852 4111 930 4162 ποιϊα
948 4110 1065 4164 dolentis
1083 4114 1119 4163 ad
1137 4115 1264 4165 irascen-

115 4193 262 4243 progreeeo
281 4179 352 4230 Geta
370 4195 502 4244 praesens
522 4186 571 4230 eet.
629 4194 826 4229 conversanae:
853 4184 908 4228 tem
921 4180 994 4230 Geta
1004 4181 1080 4246 loqui
1091 4182 1262 4238 desinente!

117 4248 272 4297 conlocatio
291 4247 448 4298 ecboliaetia
467 4247 605 4309 adamata,
626 4246 660 4296 ab
674 4247 826 4296 editoribus

116 4314 266 4365 obscurata
293 4317 362 4366 Eun.
392 4315 429 4364 IV
453 4317 477 4376 7,
500 4316 533 4365 40
558 4315 635 4376 (diet.
663 4314 825 4378 inimicitias.)

114 4383 217 4447 Hecyr.
237 4385 293 4447 12,
313 4385 345 4434 63
364 4383 511 4447 (meretrix,
531 4385 685 4448 arpumentis
702 4385 739 4445 at)
