2768 4830
118 311 288 368 -PEabbonc
300 311 335 367 de
343 311 447 369 Donati
460 284 618 368 commento
630 313 659 367 in
669 309 830 368 Terentium
842 329 918 384 spec.
927 312 1158 369 observationum
1166 311 1187 370 1.
1209 304 1272 374 327

125 481 223 556 eapite
238 481 352 557 quinto.
379 480 458 556 quod
474 498 543 540 vero
559 475 618 539 una
633 497 686 539 suo
701 481 767 540 loco
783 485 897 541 motum
913 483 960 540 est
975 485 1092 541 sextum
1107 486 1188 541 caret
1203 498 1270 544 con·

127 566 244 624 sulibus
265 565 298 623 in
319 569 444 640 utraque
467 564 583 637 fabula,
606 567 637 624 in
659 566 765 625 ceteris
787 585 847 626 non
868 570 958 625 caret.
990 585 1056 642 quo
1070 566 1107 624 de
1128 567 1206 625 infra
1222 585 1269 626 ex·

127 649 300 724 ponendum
315 655 378 727 est,
394 650 445 707 ubi
461 668 600 709 numeros
617 650 785 709 fabularum
800 649 992 710 didascalicos
1008 650 1270 725 perscrutabimur.

214 734 422 794 Phormionem
434 733 566 792 Andriae
581 739 612 792 et
626 735 759 811 Hecyrae
775 736 909 811 protinus
922 729 1083 812 adiungere
1094 735 1186 810 nolui,
1203 755 1270 795 oum

125 820 226 895 capita
242 818 419 877 didascalica
432 819 656 895 perscriberem.
680 838 747 878 nam
764 820 794 878 in
810 819 864 878 hac
879 820 1063 894 praefatione
1079 826 1169 895 caput
1182 819 1224 879 IV
1232 813 1270 880 ¹'et

122 903 310 964 continentia
338 904 480 962 videntur
508 904 606 963 minus
631 904 674 962 ad
702 904 847 963 Andriam
878 909 909 962 et
934 904 1082 981 Hecyram
1105 923 1201 980 ¹quam
1231 905 1269 965 ad

124 986 279 1064 Adelphos
300 995 331 1046 et
345 988 521 1048 Eunuchum
544 988 685 1047 inclinare
706 989 871 1048 interiectis
888 994 956 1062 post
972 990 1111 1064 quartum
1126 989 1269 1050 diverhiis

121 1078 156 1132 et
171 1074 307 1132 canticis:
1023 1118 1024 1122 ,

121 1157 168 1216 IV
184 1159 284 1222 modos
296 1157 421 1229 faciente
434 1157 542 1217 Flacco
559 1154 677 1217 Claudii
688 1159 749 1231 filie
765 1158 843 1217 tibiis
857 1157 1000 1217 Sarranis
1132 1205 1133 1209 ,
1173 1206 1175 1209 .

277 1237 392 1315 totaque
411 1243 547 1303 divmbiia
566 1242 773 1314 foedissimis.
790 1286 797 1303 .
816 1283 823 1300 .
840 1248 866 1302 et
879 1244 1062 1304 moniminas
1076 1239 1183 1304 oracta
1197 1260 1269 1305 cua-

230 1341 231 1344 ’
278 1329 342 1387 ticio
352 1327 422 1399 fuit.

124 1410 171 1469 VI
185 1412 318 1485 unoque
332 1417 372 1472 est
386 1417 490 1485 quarm
505 1413 563 1472 loco
578 1412 623 1470 M.
646 1409 758 1472 Valerio
773 1417 799 1472 et
815 1410 869 1472 On.
886 1412 1008 1480 Fannio
1023 1415 1198 1476 conantibus.
1224 1426 1228 1430 ⁴

205 1535 207 1540 ·
275 1491 402 1571 persona
413 1499 565 1571 protutica.

213 1580 326 1640 Tamen
341 1583 507 1641 accuratius
523 1600 589 1640 eum
605 1581 782 1657 inspexeris,
805 1581 1073 1642 Phormionem
1087 1582 1135 1641 hic
1150 1582 1267 1660 ¹quoque

120 1666 343 1725 animadvertes
361 1684 426 1725 cum
443 1665 586 1724 Andria
600 1670 631 1725 et
646 1666 792 1743 Hecyra
812 1669 892 1726 stare
908 1670 1012 1726 contra
1026 1666 1275 1743 Adelphoset¹

122 1749 348 1809 Eunuchum.
385 1769 483 1826 neque
505 1751 582 1808 enim
604 1752 670 1828 ipsa
689 1751 836 1810 modode
857 1750 999 1811 diverbiis
1021 1757 1051 1810 et
1072 1753 1193 1812 canticis
1215 1753 1266 1811 ob-

122 1834 260 1894 servatio
286 1835 432 1911 Adelphis
460 1838 490 1892 et
514 1834 659 1896 Eunucho
686 1835 898 1908 dissimillima,
926 1836 1056 1895 Andriae
1081 1839 1112 1895 et
1133 1835 1268 1913 Hecyrae

122 1919 281 1979 simillima
296 1921 357 1990 est,
373 1920 519 1995 protatica
534 1924 634 1979 autem
648 1939 776 1997 persona
790 1939 850 1980 non
866 1921 955 1980 simul
969 1920 1125 1980 interiecta
1140 1925 1198 1997 est,
1215 1922 1266 1982 sed

117 2022 214 2068 suum
236 2008 320 2063 tenet
340 2004 436 2064 locum
457 2004 534 2065 sieut
554 2005 585 2063 in
608 2006 668 2064 his:
690 2023 792 2063 verum
815 2006 904 2063 etiam
923 2003 1074 2065 ‘Graecae'
1092 2005 1266 2066 commemo·

114 2090 218 2165 ratio,
242 2107 319 2165 quae
333 2089 364 2148 in
381 2088 525 2165 Adelphis
540 2096 571 2147 et
585 2089 730 2150 Eunucho
750 2091 856 2149 deinde
872 2090 1026 2165 repetitur,
1043 2090 1074 2150 in
1090 2091 1267 2152 Phormione

120 2175 247 2234 omnino
270 2173 392 2246 excidit,
417 2176 452 2231 ut
473 2174 605 2233 diverbia
624 2179 655 2233 et
676 2174 791 2234 cantica
812 2193 886 2250 quae
901 2175 983 2234 illius
998 2175 1097 2235 locum
1112 2189 1266 2251 praeoccu-

115 2264 256 2334 parunt,
277 2276 332 2334 pro
355 2257 406 2317 illa
423 2259 598 2318 >festinantis
619 2278 717 2318 errore
732 2259 898 2319 substituta
912 2258 1011 2336 potius
1026 2279 1115 2336 quam
1130 2293 1171 2304 -
1187 2265 1225 2320 ut
1235 2262 1267 2321 in

119 2342 270 2418 Adelphis
297 2349 328 2401 et
349 2342 493 2402 Eunucho
515 2377 554 2386 -
576 2345 762 2404 didascalice
776 2346 952 2420 ceteroquin
972 2345 1109 2420 integrae
1130 2346 1266 2406 consulto

119 2430 235 2488 inserta
256 2446 320 2486 esse
341 2427 431 2487 dicas.
466 2446 500 2487 ac
523 2429 588 2487 vide
609 2429 640 2487 in
662 2429 722 2487 illis
744 2432 833 2504 caput
852 2433 912 2489 totu
931 2427 1046 2490 Graece
1067 2434 1182 2489 motum
1203 2449 1266 2491 esse

121 2512 296 2571 universum
311 2516 345 2570 ut
365 2512 471 2572 deinde
490 2516 636 2572 mutatum
655 2514 849 2590 repeteretur,
865 2514 895 2572 in
907 2513 1087 2574 Phormione
1098 2513 1265 2574 ‘Graecam'

125 2615 325 2673 suppressam,
342 2597 460 2656 ‘totam'
477 2596 616 2676 (totaque)
633 2616 686 2658 suo
702 2599 767 2657 loco
782 2599 916 2658 relictam
931 2618 1003 2658 esse.
1027 2599 1218 2674 quamobrem
1233 2607 1267 2660 ut

123 2682 320 2741 concedamus
335 2683 493 2758 praeiectis
509 2683 650 2743 diverbiis
667 2686 698 2742 et
712 2684 836 2743 canticis
847 2683 1036 2743 Phormionis
1051 2683 1264 2759 praefationem

120 2765 270 2841 Adelphis
292 2771 323 2824 et
337 2766 481 2825 Eunucho
504 2769 630 2827 similem
647 2784 724 2841 esse,
746 2775 845 2827 tamen
860 2772 961 2829 cetera
974 2768 1048 2827 adeo
1064 2768 1182 2827 diversa
1196 2776 1266 2828 sunt

118 2851 160 2910 ab
177 2851 236 2911 illis
255 2854 286 2909 et
300 2850 433 2911 Andriae
447 2851 639 2929 Hecyraeque
654 2854 860 2926 consentanea,
877 2858 911 2912 ut
926 2854 973 2913 bic
988 2871 1106 2929 quoque
1121 2872 1157 2910 ex
1172 2854 1266 2912 altera

124 2940 213 3012 parte
228 2936 280 2995 has
296 2954 363 2995 cum
380 2936 568 3010 Phormione,
585 2957 620 2996 ex
634 2938 728 2996 altera
742 2937 809 2996 illas
824 2957 888 2997 esse
903 2938 1103 2997 adfirmemus.

211 3104 293 3165 Haec
314 3106 356 3163 ita
370 3107 559 3181 proposuisse
575 3107 647 3165 mihi
662 3107 765 3166 videor
779 3109 814 3165 ut
829 3107 1028 3183 praefationes
1044 3125 1146 3166 omnes
1162 3107 1263 3168 eadem

120 3192 238 3250 ratione
258 3196 458 3265 comparatas,
480 3193 601 3266 proprio
624 3200 723 3251 tamen
743 3192 830 3250 modo
852 3193 883 3251 in
899 3191 1044 3268 Adelphis
1063 3198 1094 3250 et
1109 3191 1261 3264 Eunucho,

121 3276 242 3353 proprio
269 3277 300 3334 in
325 3276 441 3334 Andria
461 3276 576 3353 Hecyra
597 3277 777 3335 Phormione
802 3282 943 3336 tractatas
970 3296 1033 3337 csse
1058 3278 1116 3336 iam
1141 3277 1263 3352 liqueat.

118 3359 207 3437 ¹quod
222 3361 320 3435 ipsum
337 3365 371 3417 ut
386 3359 472 3435 plene
486 3367 675 3437 perspectum
691 3362 861 3434 habeamus,
877 3362 990 3438 aliquid
1006 3362 1141 3421 interest.
1172 3362 1264 3421 veluti

124 3445 267 3504 Dziatcko
284 3464 317 3502 ex
333 3444 470 3503 Eunuchi
487 3445 645 3505 didascalia
659 3447 795 3505 Donatea
810 3446 974 3506 Minucium
989 3445 1196 3521 Prothymum,
1213 3439 1264 3523 riui

122 3531 154 3589 in
175 3529 260 3588 libris
281 3529 466 3588 Terentianis
486 3548 547 3588 non
569 3532 646 3610 egit,
668 3540 702 3588 ut
723 3535 852 3590 actorem
873 3531 991 3590 fabulae
1011 3531 1132 3589 tertium
1154 3530 1264 3591 relatae

121 3633 239 3690 —qua
264 3613 300 3672 de
325 3633 357 3672 re
383 3613 501 3672 aliunde
528 3614 570 3672 nil
593 3620 709 3674 constat
731 3647 769 3658 -
791 3615 887 3675 nobis>
901 3615 1035 3674 venditat
1056 3612 1146 3690 (mus.
1168 3614 1262 3676 Eben.

118 3698 192 3760 XXI
212 3718 241 3774 p.
258 3694 328 3776 68),
354 3698 414 3758 Leo
434 3718 469 3757 ex
490 3699 551 3758 illis
573 3719 648 3776 quae
669 3701 700 3758 in
722 3699 864 3776 Adelphis
884 3704 914 3759 et
929 3698 1073 3758 Eunucho
1094 3718 1129 3760 ac
1149 3719 1209 3759 non
1232 3702 1264 3760 in

123 3784 232 3844 ceteris
248 3784 283 3842 de
298 3783 447 3843 actoribus
463 3786 550 3844 etium
564 3790 634 3845 tunc
644 3787 810 3860 personatis
824 3785 1041 3860 praedicantur,
1058 3784 1138 3844 docti
1150 3785 1262 3860 aliquid

119 3870 250 3928 exuerit
271 3864 359 3946 (mus.
376 3868 470 3926 Rhen.
486 3869 643 3928 XXXVIII
661 3891 689 3946 p.
708 3871 767 3928 342
785 3868 860 3946 sq.):
882 3887 936 3928 nos
954 3869 1073 3945 quidem
1090 3869 1264 3928 Daiatzkoni

119 3953 309 4024 dubitanter,
332 3953 425 4012 Leoni
447 3972 636 4031 nequaquam
652 3956 853 4024 adsentimur,
876 3954 1017 4030 quoniam
1032 3973 1065 4012 ex
1081 3959 1209 4012 tractatu
1226 3954 1262 4012 de

119 4038 237 4113 fabula,
265 4038 343 4095 unde
370 4039 465 4097 omnis
493 4041 603 4115 pendet
622 4040 782 4100 scholiasta
803 4039 835 4098 in
855 4039 928 4115 ipsis
949 4039 995 4097 hia
1016 4038 1260 4113 praefationibus,

121 4123 280 4199 utriusque
295 4121 445 4181 doctrinae
461 4126 608 4200 originem
623 4125 785 4200 arguimus.
809 4123 970 4182 sedmaius
983 4123 1119 4198 estquod
1131 4123 1167 4182 de
1179 4141 1263 4199 prae·

120 4208 268 4267 fationum
284 4206 484 4266 Donatearum
501 4209 679 4269 auctoritate
695 4210 741 4267 vel
758 4209 879 4268 fortuna
895 4226 947 4284 per
962 4207 1057 4267 saecla
1074 4213 1103 4264 et
1120 4211 1263 4269 memoria

116 4293 318 4354 coniecturam
340 4310 443 4367 capere
459 4294 515 4351 iam
533 4295 610 4353 licet.
641 4299 729 4370 urget
744 4294 822 4352 enim
838 4293 988 4369 quaestio,
1006 4311 1064 4369 qua
1080 4292 1194 4353 ratione
1210 4294 1262 4352 illa

116 4378 278 4438 diversitas
292 4377 466 4451 explicanda
482 4379 521 4437 sit
537 4379 584 4438 vel
599 4379 624 4438 si
640 4378 848 4452 Adelphorum
864 4387 894 4436 et
910 4377 1046 4437 Eunuchi
1062 4378 1261 4452 praefationes
