<?xml version="1.0" encoding="UTF-8"?>
<!DOCTYPE html PUBLIC "-//W3C//DTD XHTML 1.0 Transitional//EN"
    "http://www.w3.org/TR/xhtml1/DTD/xhtml1-transitional.dtd">
<html xmlns="http://www.w3.org/1999/xhtml" xml:lang="en" lang="en">
 <head>
  <title>
</title>
<meta http-equiv="Content-Type" content="text/html;charset=utf-8" />
  <meta name='ocr-system' content='tesseract 3.04.00' />
  <meta name='ocr-capabilities' content='ocr_page ocr_carea ocr_par ocr_line ocrx_word'/>
</head>
<body>
  <div class='ocr_page' id='page_1' title='image "./dedonaticomment00rabbgoog_0026.png"; bbox 0 0 2768 4830; ppageno 0'>
   <div class='ocr_carea' id='block_1_1' title="bbox 65 217 1206 313">
    <p class='ocr_par' dir='ltr' id='par_1_1' title="bbox 65 217 1206 313">
     <span class='ocr_line' id='line_1_1' title="bbox 65 217 1206 313; baseline 0.006 -16"><span class='ocrx_word' id='word_1_1' title='bbox 65 240 228 307; x_wconf 79' lang='lat' dir='ltr'><strong>Pltahhow:</strong></span> <span class='ocrx_word' id='word_1_2' title='bbox 240 241 275 298; x_wconf 90' lang='lat' dir='ltr'><strong>de</strong></span> <span class='ocrx_word' id='word_1_3' title='bbox 286 239 389 296; x_wconf 85' lang='lat' dir='ltr'><strong>Donati</strong></span> <span class='ocrx_word' id='word_1_4' title='bbox 400 243 558 299; x_wconf 88' lang='lat' dir='ltr'><strong>commento</strong></span> <span class='ocrx_word' id='word_1_5' title='bbox 569 240 599 297; x_wconf 89' lang='lat' dir='ltr'><strong>in</strong></span> <span class='ocrx_word' id='word_1_6' title='bbox 608 239 770 298; x_wconf 87' lang='lat' dir='ltr'><strong>Terentium</strong></span> <span class='ocrx_word' id='word_1_7' title='bbox 781 217 856 313; x_wconf 84' lang='lat' dir='ltr'><strong>spec.</strong></span> <span class='ocrx_word' id='word_1_8' title='bbox 866 243 1094 299; x_wconf 82' lang='lat' dir='ltr'><strong>observationum</strong></span> <span class='ocrx_word' id='word_1_9' title='bbox 1101 243 1123 301; x_wconf 89' lang='grc' dir='ltr'><strong>Ι.</strong></span> <span class='ocrx_word' id='word_1_10' title='bbox 1144 236 1206 304; x_wconf 81' lang='grc'><strong>323</strong></span> 
     </span>
    </p>
   </div>
   <div class='ocr_carea' id='block_1_2' title="bbox 164 408 1146 488">
    <p class='ocr_par' dir='ltr' id='par_1_2' title="bbox 164 408 1146 488">
     <span class='ocr_line' id='line_1_2' title="bbox 164 408 1146 488; baseline 0.003 -20"><span class='ocrx_word' id='word_1_11' title='bbox 164 410 194 469; x_wconf 90' lang='lat' dir='ltr'><strong>iu</strong></span> <span class='ocrx_word' id='word_1_12' title='bbox 211 408 326 471; x_wconf 79' lang='lat' dir='ltr'><strong>Andria</strong></span> <span class='ocrx_word' id='word_1_13' title='bbox 553 410 584 469; x_wconf 90' lang='lat' dir='ltr'><strong>iu</strong></span> <span class='ocrx_word' id='word_1_14' title='bbox 601 409 719 488; x_wconf 79' lang='lat' dir='ltr'>Hecyra</span> <span class='ocrx_word' id='word_1_15' title='bbox 921 412 953 470; x_wconf 91' lang='lat' dir='ltr'><strong>in</strong></span> <span class='ocrx_word' id='word_1_16' title='bbox 968 411 1146 472; x_wconf 83' lang='lat' dir='ltr'><strong>Phormione</strong></span> 
     </span>
    </p>
   </div>
   <div class='ocr_carea' id='block_1_3' title="bbox 10 504 1210 1095">
    <p class='ocr_par' dir='ltr' id='par_1_3' title="bbox 10 504 1210 1095">
     <span class='ocr_line' id='line_1_3' title="bbox 48 504 1120 588; baseline 0.002 -16"><span class='ocrx_word' id='word_1_17' title='bbox 48 504 181 588; x_wconf 74' lang='lat' dir='ltr'><strong>&#39;primus</strong></span> <span class='ocrx_word' id='word_1_18' title='bbox 201 516 284 572; x_wconf 87' lang='lat' dir='ltr'><strong>actus</strong></span> <span class='ocrx_word' id='word_1_19' title='bbox 297 513 422 573; x_wconf 85' lang='lat' dir='ltr'><strong>cautimt</strong></span> <span class='ocrx_word' id='word_1_20' title='bbox 457 511 573 586; x_wconf 79' lang='lat' dir='ltr'><strong>primus</strong></span> <span class='ocrx_word' id='word_1_21' title='bbox 594 517 676 572; x_wconf 86' lang='lat' dir='ltr'><strong>actus</strong></span> <span class='ocrx_word' id='word_1_22' title='bbox 689 515 815 574; x_wconf 86' lang='lat' dir='ltr'><strong>cautiuet</strong></span> <span class='ocrx_word' id='word_1_23' title='bbox 849 515 968 588; x_wconf 80' lang='lat' dir='ltr'><strong>primus</strong></span> <span class='ocrx_word' id='word_1_24' title='bbox 982 518 1065 574; x_wconf 91' lang='lat' dir='ltr'><strong>actus</strong></span> <span class='ocrx_word' id='word_1_25' title='bbox 1080 519 1120 574; x_wconf 85' lang='lat' dir='ltr'><strong>est</strong></span> 
     </span>
     <span class='ocr_line' id='line_1_4' title="bbox 63 597 1208 659; baseline 0.001 -1"><span class='ocrx_word' id='word_1_26' title='bbox 63 597 185 658; x_wconf 79' lang='lat' dir='ltr'><strong>seueadi</strong></span> <span class='ocrx_word' id='word_1_27' title='bbox 227 601 309 657; x_wconf 89' lang='lat' dir='ltr'><strong>aetus</strong></span> <span class='ocrx_word' id='word_1_28' title='bbox 352 597 423 656; x_wconf 81' lang='lat' dir='ltr'><strong>huec</strong></span> <span class='ocrx_word' id='word_1_29' title='bbox 459 597 579 658; x_wconf 82' lang='lat' dir='ltr'><strong>semuedi</strong></span> <span class='ocrx_word' id='word_1_30' title='bbox 592 602 675 658; x_wconf 88' lang='lat' dir='ltr'><strong>actus</strong></span> <span class='ocrx_word' id='word_1_31' title='bbox 688 601 814 658; x_wconf 84' lang='lat' dir='ltr'><strong>teucria</strong></span> <span class='ocrx_word' id='word_1_32' title='bbox 853 599 974 658; x_wconf 85' lang='lat' dir='ltr'><strong>semudi</strong></span> <span class='ocrx_word' id='word_1_33' title='bbox 1008 602 1092 658; x_wconf 88' lang='lat' dir='ltr'><strong>actus</strong></span> <span class='ocrx_word' id='word_1_34' title='bbox 1126 603 1208 659; x_wconf 82' lang='lat' dir='ltr'><strong>terior</strong></span> 
     </span>
     <span class='ocr_line' id='line_1_5' title="bbox 128 682 1042 744; baseline 0.002 -3"><span class='ocrx_word' id='word_1_35' title='bbox 128 685 199 742; x_wconf 90' lang='lat' dir='ltr'><strong>suut</strong></span> <span class='ocrx_word' id='word_1_36' title='bbox 522 682 574 742; x_wconf 82' lang='lat' dir='ltr'><strong>luc</strong></span> <span class='ocrx_word' id='word_1_37' title='bbox 588 687 629 742; x_wconf 87' lang='lat' dir='ltr'><strong>est</strong></span> <span class='ocrx_word' id='word_1_38' title='bbox 917 685 1042 744; x_wconf 82' lang='lat' dir='ltr'><strong>coutmet</strong></span> 
     </span>
     <span class='ocr_line' id='line_1_6' title="bbox 64 765 1210 829; baseline 0.001 -1"><span class='ocrx_word' id='word_1_39' title='bbox 64 767 147 828; x_wconf 87' lang='lat' dir='ltr'><strong>tertio</strong></span> <span class='ocrx_word' id='word_1_40' title='bbox 162 767 241 826; x_wconf 87' lang='lat' dir='ltr'><strong>actui</strong></span> <span class='ocrx_word' id='word_1_41' title='bbox 255 765 325 826; x_wconf 85' lang='lat' dir='ltr'><strong>hacc</strong></span> <span class='ocrx_word' id='word_1_42' title='bbox 339 767 421 826; x_wconf 87' lang='lat' dir='ltr'><strong>attri-</strong></span> <span class='ocrx_word' id='word_1_43' title='bbox 459 767 541 826; x_wconf 89' lang='lat' dir='ltr'><strong>tertio</strong></span> <span class='ocrx_word' id='word_1_44' title='bbox 556 771 635 827; x_wconf 88' lang='lat' dir='ltr'><strong>actui</strong></span> <span class='ocrx_word' id='word_1_45' title='bbox 645 768 715 828; x_wconf 83' lang='lat' dir='ltr'><strong>leues</strong></span> <span class='ocrx_word' id='word_1_46' title='bbox 724 770 813 828; x_wconf 88' lang='lat' dir='ltr'><strong>ascri-</strong></span> <span class='ocrx_word' id='word_1_47' title='bbox 853 770 935 828; x_wconf 84' lang='lat' dir='ltr'><strong>tertio</strong></span> <span class='ocrx_word' id='word_1_48' title='bbox 945 770 1024 829; x_wconf 89' lang='lat' dir='ltr'><strong>actui</strong></span> <span class='ocrx_word' id='word_1_49' title='bbox 1036 768 1210 829; x_wconf 69' lang='lat' dir='ltr'><strong>attribuitur</strong></span> 
     </span>
     <span class='ocr_line' id='line_1_7' title="bbox 10 852 634 911; baseline 0.002 -1"><span class='ocrx_word' id='word_1_50' title='bbox 10 878 12 887; x_wconf 58' lang='lat'><em>¹</em></span> <span class='ocrx_word' id='word_1_51' title='bbox 129 852 261 911; x_wconf 81' lang='lat' dir='ltr'><strong>huuutur</strong></span> <span class='ocrx_word' id='word_1_52' title='bbox 524 852 634 911; x_wconf 83' lang='lat' dir='ltr'><strong>luutur</strong></span> 
     </span>
     <span class='ocr_line' id='line_1_8' title="bbox 10 932 1208 1011; baseline 0.001 -15"><span class='ocrx_word' id='word_1_53' title='bbox 10 932 15 1011; x_wconf 71' lang='lat' dir='ltr'><strong>i</strong></span> <span class='ocrx_word' id='word_1_54' title='bbox 65 941 204 1011; x_wconf 76' lang='lat' dir='ltr'><strong>quartum</strong></span> <span class='ocrx_word' id='word_1_55' title='bbox 238 940 334 996; x_wconf 92' lang='lat' dir='ltr'><strong>aetum</strong></span> <span class='ocrx_word' id='word_1_56' title='bbox 349 979 351 983; x_wconf 85' lang='lat'>-</span> <span class='ocrx_word' id='word_1_57' title='bbox 365 953 421 1010; x_wconf 85' lang='lat' dir='ltr'><strong>per</strong></span> <span class='ocrx_word' id='word_1_58' title='bbox 458 941 598 1010; x_wconf 79' lang='lat' dir='ltr'><strong>quartum</strong></span> <span class='ocrx_word' id='word_1_59' title='bbox 623 941 720 997; x_wconf 90' lang='lat' dir='ltr'><strong>actum</strong></span> <span class='ocrx_word' id='word_1_60' title='bbox 745 937 814 998; x_wconf 83' lang='lat' dir='ltr'><strong>leaec</strong></span> <span class='ocrx_word' id='word_1_61' title='bbox 852 942 991 1011; x_wconf 77' lang='lat' dir='ltr'><strong>quartum</strong></span> <span class='ocrx_word' id='word_1_62' title='bbox 1024 941 1121 997; x_wconf 74' lang='lat' dir='ltr'><strong>adme</strong></span> <span class='ocrx_word' id='word_1_63' title='bbox 1151 939 1208 997; x_wconf 85' lang='lat' dir='ltr'><strong>ista</strong></span> 
     </span>
     <span class='ocr_line' id='line_1_9' title="bbox 10 1018 1114 1095; baseline 0.004 -18"><span class='ocrx_word' id='word_1_64' title='bbox 10 1018 14 1077; x_wconf 90' lang='grc' dir='ltr'>Ι</span> <span class='ocrx_word' id='word_1_65' title='bbox 127 1021 197 1082; x_wconf 83' lang='lat' dir='ltr'><strong>haec</strong></span> <span class='ocrx_word' id='word_1_66' title='bbox 211 1020 401 1095; x_wconf 74' lang='lat' dir='ltr'><strong>intellegimus</strong></span> <span class='ocrx_word' id='word_1_67' title='bbox 522 1023 661 1095; x_wconf 80' lang='lat' dir='ltr'><strong>compleat</strong></span> <span class='ocrx_word' id='word_1_68' title='bbox 917 1022 1114 1082; x_wconf 72' lang='lat' dir='ltr'><strong><em>concelebrant</em></strong></span> 
     </span>
    </p>
   </div>
   <div class='ocr_carea' id='block_1_4' title="bbox 10 1086 1085 1195">
    <p class='ocr_par' dir='ltr' id='par_1_4' title="bbox 10 1086 1085 1195">
     <span class='ocr_line' id='line_1_10' title="bbox 10 1086 1085 1195; baseline 0 -29"><span class='ocrx_word' id='word_1_69' title='bbox 10 1086 15 1195; x_wconf 52' lang='lat' dir='ltr'><strong>l</strong></span> <span class='ocrx_word' id='word_1_70' title='bbox 63 1107 98 1166; x_wconf 92' lang='lat' dir='ltr'><strong>iu</strong></span> <span class='ocrx_word' id='word_1_71' title='bbox 113 1107 214 1180; x_wconf 79' lang='lat' dir='ltr'><strong>quinto</strong></span> <span class='ocrx_word' id='word_1_72' title='bbox 229 1109 296 1165; x_wconf 91' lang='lat' dir='ltr'><strong>actu</strong></span> <span class='ocrx_word' id='word_1_73' title='bbox 457 1109 491 1165; x_wconf 88' lang='lat' dir='ltr'><strong>iu</strong></span> <span class='ocrx_word' id='word_1_74' title='bbox 506 1108 607 1180; x_wconf 79' lang='lat' dir='ltr'><strong>quinto</strong></span> <span class='ocrx_word' id='word_1_75' title='bbox 621 1111 689 1167; x_wconf 90' lang='lat' dir='ltr'><strong>actu</strong></span> <span class='ocrx_word' id='word_1_76' title='bbox 853 1109 886 1166; x_wconf 86' lang='lat' dir='ltr'><strong>iu</strong></span> <span class='ocrx_word' id='word_1_77' title='bbox 901 1110 1002 1181; x_wconf 79' lang='lat' dir='ltr'><strong>quiuto</strong></span> <span class='ocrx_word' id='word_1_78' title='bbox 1017 1111 1085 1167; x_wconf 87' lang='lat' dir='ltr'><strong>actu</strong></span> 
     </span>
    </p>
   </div>
   <div class='ocr_carea' id='block_1_5' title="bbox 10 1205 1208 2149">
    <p class='ocr_par' dir='ltr' id='par_1_5' title="bbox 10 1205 1206 1451">
     <span class='ocr_line' id='line_1_11' title="bbox 10 1205 1205 1285; baseline 0.002 -19"><span class='ocrx_word' id='word_1_79' title='bbox 10 1280 12 1285; x_wconf 68' lang='lat'>,</span> <span class='ocrx_word' id='word_1_80' title='bbox 62 1225 101 1266; x_wconf 89' lang='lat' dir='ltr'><strong>en</strong></span> <span class='ocrx_word' id='word_1_81' title='bbox 126 1206 291 1283; x_wconf 88' lang='lat' dir='ltr'><strong>quaesitum</strong></span> <span class='ocrx_word' id='word_1_82' title='bbox 318 1205 489 1266; x_wconf 85' lang='lat' dir='ltr'><strong>artificium:</strong></span> <span class='ocrx_word' id='word_1_83' title='bbox 521 1207 728 1266; x_wconf 77' lang='lat' dir='ltr'><strong>declinationis</strong></span> <span class='ocrx_word' id='word_1_84' title='bbox 756 1207 891 1267; x_wconf 85' lang='lat' dir='ltr'><strong>ordinem</strong></span> <span class='ocrx_word' id='word_1_85' title='bbox 919 1208 1065 1268; x_wconf 82' lang='lat' dir='ltr'><strong>formulae</strong></span> <span class='ocrx_word' id='word_1_86' title='bbox 1090 1207 1133 1267; x_wconf 85' lang='lat' dir='ltr'><strong>ita</strong></span> <span class='ocrx_word' id='word_1_87' title='bbox 1159 1228 1205 1268; x_wconf 87' lang='lat' dir='ltr'><strong>se·</strong></span> 
     </span>
     <span class='ocr_line' id='line_1_12' title="bbox 64 1291 1206 1367; baseline 0.002 -17"><span class='ocrx_word' id='word_1_88' title='bbox 64 1295 200 1367; x_wconf 88' lang='lat' dir='ltr'><strong>quuutur</strong></span> <span class='ocrx_word' id='word_1_89' title='bbox 219 1293 253 1350; x_wconf 89' lang='lat' dir='ltr'><strong>ut</strong></span> <span class='ocrx_word' id='word_1_90' title='bbox 274 1291 389 1367; x_wconf 89' lang='lat' dir='ltr'><strong>primus</strong></span> <span class='ocrx_word' id='word_1_91' title='bbox 410 1296 492 1351; x_wconf 86' lang='lat' dir='ltr'><strong>actus</strong></span> <span class='ocrx_word' id='word_1_92' title='bbox 508 1292 638 1367; x_wconf 90' lang='lat' dir='ltr'><strong>primum</strong></span> <span class='ocrx_word' id='word_1_93' title='bbox 654 1293 789 1351; x_wconf 89' lang='lat' dir='ltr'><strong>obtineat</strong></span> <span class='ocrx_word' id='word_1_94' title='bbox 803 1311 920 1365; x_wconf 86' lang='lat' dir='ltr'><strong>casum,</strong></span> <span class='ocrx_word' id='word_1_95' title='bbox 943 1293 1088 1353; x_wconf 87' lang='lat' dir='ltr'><strong>secundus</strong></span> <span class='ocrx_word' id='word_1_96' title='bbox 1104 1310 1206 1353; x_wconf 88' lang='lat' dir='ltr'><strong>secun-</strong></span> 
     </span>
     <span class='ocr_line' id='line_1_13' title="bbox 65 1376 405 1451; baseline -0.003 -16"><span class='ocrx_word' id='word_1_97' title='bbox 65 1377 138 1435; x_wconf 88' lang='lat' dir='ltr'><strong>dum</strong></span> <span class='ocrx_word' id='word_1_98' title='bbox 153 1376 242 1435; x_wconf 81' lang='lat' dir='ltr'><strong>et‘sic</strong></span> <span class='ocrx_word' id='word_1_99' title='bbox 257 1376 405 1451; x_wconf 82' lang='lat' dir='ltr'><strong>deinceps.</strong></span> 
     </span>
    </p>

    <p class='ocr_par' dir='ltr' id='par_1_6' title="bbox 54 1459 1208 2149">
     <span class='ocr_line' id='line_1_14' title="bbox 149 1459 1208 1538; baseline 0.002 -19"><span class='ocrx_word' id='word_1_100' title='bbox 149 1462 192 1519; x_wconf 91' lang='lat' dir='ltr'><strong>At</strong></span> <span class='ocrx_word' id='word_1_101' title='bbox 213 1461 244 1519; x_wconf 94' lang='lat' dir='ltr'><strong>in</strong></span> <span class='ocrx_word' id='word_1_102' title='bbox 259 1460 447 1535; x_wconf 85' lang='lat' dir='ltr'><strong>Adelphis</strong></span> <span class='ocrx_word' id='word_1_103' title='bbox 469 1464 500 1519; x_wconf 89' lang='lat' dir='ltr'><strong>et</strong></span> <span class='ocrx_word' id='word_1_104' title='bbox 514 1459 693 1522; x_wconf 76' lang='lat' dir='ltr'><strong>Eunucho</strong></span> <span class='ocrx_word' id='word_1_105' title='bbox 715 1462 790 1520; x_wconf 90' lang='lat' dir='ltr'><strong>duae</strong></span> <span class='ocrx_word' id='word_1_106' title='bbox 806 1462 950 1521; x_wconf 83' lang='lat' dir='ltr'><strong>formulae</strong></span> <span class='ocrx_word' id='word_1_107' title='bbox 966 1462 1141 1538; x_wconf 89' lang='lat' dir='ltr'><strong>simpliciter</strong></span> <span class='ocrx_word' id='word_1_108' title='bbox 1155 1462 1208 1521; x_wconf 90' lang='lat' dir='ltr'><strong>ad·</strong></span> 
     </span>
     <span class='ocr_line' id='line_1_15' title="bbox 59 1546 190 1623; baseline -0.008 -18"><span class='ocrx_word' id='word_1_109' title='bbox 59 1546 190 1623; x_wconf 84' lang='lat' dir='ltr'><strong>positae:</strong></span> 
     </span>
     <span class='ocr_line' id='line_1_16' title="bbox 248 1628 1022 1707; baseline 0.003 -19"><span class='ocrx_word' id='word_1_110' title='bbox 248 1631 279 1688; x_wconf 87' lang='lat' dir='ltr'><strong>iu</strong></span> <span class='ocrx_word' id='word_1_111' title='bbox 293 1628 439 1707; x_wconf 85' lang='lat' dir='ltr'><strong>Adelphis</strong></span> <span class='ocrx_word' id='word_1_112' title='bbox 838 1631 868 1691; x_wconf 91' lang='lat' dir='ltr'><strong>in</strong></span> <span class='ocrx_word' id='word_1_113' title='bbox 884 1631 1022 1691; x_wconf 77' lang='lat' dir='ltr'><strong>Eunuchi</strong></span> 
     </span>
     <span class='ocr_line' id='line_1_17' title="bbox 54 1731 948 1809; baseline 0 -17"><span class='ocrx_word' id='word_1_114' title='bbox 54 1736 205 1809; x_wconf 82' lang='lat' dir='ltr'><strong>primus</strong></span> <span class='ocrx_word' id='word_1_115' title='bbox 225 1736 328 1792; x_wconf 89' lang='lat' dir='ltr'><strong>actus</strong></span> <span class='ocrx_word' id='word_1_116' title='bbox 349 1731 437 1791; x_wconf 82' lang='lat' dir='ltr'><strong>leaeo</strong></span> <span class='ocrx_word' id='word_1_117' title='bbox 458 1733 621 1792; x_wconf 89' lang='lat' dir='ltr'><strong>coutiuet</strong></span> <span class='ocrx_word' id='word_1_118' title='bbox 667 1734 706 1792; x_wconf 88' lang='lat' dir='ltr'><strong>iu</strong></span> <span class='ocrx_word' id='word_1_119' title='bbox 719 1734 843 1806; x_wconf 83' lang='lat' dir='ltr'><strong>primo</strong></span> <span class='ocrx_word' id='word_1_120' title='bbox 863 1738 948 1793; x_wconf 89' lang='lat' dir='ltr'><strong>actu</strong></span> 
     </span>
     <span class='ocr_line' id='line_1_18' title="bbox 58 1817 1048 1879; baseline -0.003 0"><span class='ocrx_word' id='word_1_121' title='bbox 58 1818 207 1879; x_wconf 88' lang='lat' dir='ltr'><strong>secuudus</strong></span> <span class='ocrx_word' id='word_1_122' title='bbox 220 1821 303 1876; x_wconf 90' lang='lat' dir='ltr'><strong>actus</strong></span> <span class='ocrx_word' id='word_1_123' title='bbox 316 1817 386 1876; x_wconf 83' lang='lat' dir='ltr'><strong>lcaec</strong></span> <span class='ocrx_word' id='word_1_124' title='bbox 398 1819 524 1877; x_wconf 87' lang='lat' dir='ltr'><strong>coutiuet</strong></span> <span class='ocrx_word' id='word_1_125' title='bbox 666 1819 812 1878; x_wconf 83' lang='lat' dir='ltr'><strong>seeuudus</strong></span> <span class='ocrx_word' id='word_1_126' title='bbox 826 1823 908 1878; x_wconf 90' lang='lat' dir='ltr'><strong>actus</strong></span> <span class='ocrx_word' id='word_1_127' title='bbox 923 1820 1048 1878; x_wconf 87' lang='lat' dir='ltr'><strong>coutiuet</strong></span> 
     </span>
     <span class='ocr_line' id='line_1_19' title="bbox 58 1902 1018 1977; baseline -0.003 -12"><span class='ocrx_word' id='word_1_128' title='bbox 58 1905 165 1965; x_wconf 85' lang='lat' dir='ltr'><strong>tertius</strong></span> <span class='ocrx_word' id='word_1_129' title='bbox 179 1907 262 1961; x_wconf 92' lang='lat' dir='ltr'><strong>aetus</strong></span> <span class='ocrx_word' id='word_1_130' title='bbox 275 1902 345 1961; x_wconf 83' lang='lat' dir='ltr'><strong>haec</strong></span> <span class='ocrx_word' id='word_1_131' title='bbox 359 1904 483 1961; x_wconf 88' lang='lat' dir='ltr'><strong>coutiuet</strong></span> <span class='ocrx_word' id='word_1_132' title='bbox 667 1905 770 1963; x_wconf 86' lang='lat' dir='ltr'><strong>tertius</strong></span> <span class='ocrx_word' id='word_1_133' title='bbox 785 1907 869 1963; x_wconf 83' lang='lat' dir='ltr'><strong>actus</strong></span> <span class='ocrx_word' id='word_1_134' title='bbox 883 1904 1018 1977; x_wconf 75' lang='lat' dir='ltr'><strong>exprimit</strong></span> 
     </span>
     <span class='ocr_line' id='line_1_20' title="bbox 58 1987 904 2065; baseline -0.001 -17"><span class='ocrx_word' id='word_1_135' title='bbox 58 1992 186 2065; x_wconf 80' lang='lat' dir='ltr'><strong>quartus</strong></span> <span class='ocrx_word' id='word_1_136' title='bbox 200 1991 282 2047; x_wconf 88' lang='lat' dir='ltr'><strong>actus</strong></span> <span class='ocrx_word' id='word_1_137' title='bbox 296 1987 365 2046; x_wconf 84' lang='lat' dir='ltr'><strong>haec</strong></span> <span class='ocrx_word' id='word_1_138' title='bbox 379 1988 504 2046; x_wconf 85' lang='lat' dir='ltr'><strong>coretiuet</strong></span> <span class='ocrx_word' id='word_1_139' title='bbox 667 1989 702 2047; x_wconf 87' lang='lat' dir='ltr'><strong>iu</strong></span> <span class='ocrx_word' id='word_1_140' title='bbox 715 1992 820 2061; x_wconf 81' lang='lat' dir='ltr'><strong>quarto</strong></span> <span class='ocrx_word' id='word_1_141' title='bbox 836 1992 904 2047; x_wconf 90' lang='lat' dir='ltr'><strong>actu</strong></span> 
     </span>
     <span class='ocr_line' id='line_1_21' title="bbox 58 2072 1118 2149; baseline -0.003 -16"><span class='ocrx_word' id='word_1_142' title='bbox 58 2076 185 2149; x_wconf 79' lang='lat' dir='ltr'><strong>quiutus</strong></span> <span class='ocrx_word' id='word_1_143' title='bbox 199 2076 281 2131; x_wconf 88' lang='lat' dir='ltr'><strong>uatus</strong></span> <span class='ocrx_word' id='word_1_144' title='bbox 294 2072 364 2131; x_wconf 81' lang='lat' dir='ltr'><strong>leaeo</strong></span> <span class='ocrx_word' id='word_1_145' title='bbox 377 2073 502 2131; x_wconf 76' lang='lat' dir='ltr'><strong>mutiret</strong></span> <span class='ocrx_word' id='word_1_146' title='bbox 667 2073 787 2145; x_wconf 79' lang='lat' dir='ltr'><strong>quietus</strong></span> <span class='ocrx_word' id='word_1_147' title='bbox 803 2078 885 2132; x_wconf 89' lang='lat' dir='ltr'><strong>aetus</strong></span> <span class='ocrx_word' id='word_1_148' title='bbox 899 2073 968 2132; x_wconf 82' lang='lat' dir='ltr'><strong>leaec</strong></span> <span class='ocrx_word' id='word_1_149' title='bbox 983 2074 1118 2132; x_wconf 85' lang='lat' dir='ltr'><strong>eeutiuet.</strong></span> 
     </span>
    </p>
   </div>
   <div class='ocr_carea' id='block_1_6' title="bbox 53 2188 1271 4458">
    <p class='ocr_par' dir='ltr' id='par_1_7' title="bbox 150 2188 1204 2267">
     <span class='ocr_line' id='line_1_22' title="bbox 150 2188 1204 2267; baseline 0.002 -20"><span class='ocrx_word' id='word_1_150' title='bbox 150 2188 185 2267; x_wconf 85' lang='grc'><strong>4)</strong></span> <span class='ocrx_word' id='word_1_151' title='bbox 201 2190 322 2264; x_wconf 88' lang='lat' dir='ltr'><strong>Prologi</strong></span> <span class='ocrx_word' id='word_1_152' title='bbox 343 2189 373 2248; x_wconf 92' lang='lat' dir='ltr'><strong>in</strong></span> <span class='ocrx_word' id='word_1_153' title='bbox 389 2188 532 2247; x_wconf 88' lang='lat' dir='ltr'><strong>Andria</strong></span> <span class='ocrx_word' id='word_1_154' title='bbox 546 2189 693 2266; x_wconf 85' lang='lat' dir='ltr'><strong>Hecyra</strong></span> <span class='ocrx_word' id='word_1_155' title='bbox 708 2189 934 2250; x_wconf 87' lang='lat' dir='ltr'><strong>Phormione</strong></span> <span class='ocrx_word' id='word_1_156' title='bbox 955 2192 997 2249; x_wconf 87' lang='lat' dir='ltr'><strong>ita</strong></span> <span class='ocrx_word' id='word_1_157' title='bbox 1017 2190 1204 2251; x_wconf 88' lang='lat' dir='ltr'><strong>delineautur</strong></span> 
     </span>
    </p>

    <p class='ocr_par' dir='ltr' id='par_1_8' title="bbox 54 2275 1208 2863">
     <span class='ocr_line' id='line_1_23' title="bbox 147 2275 1205 2350; baseline 0.003 -17"><span class='ocrx_word' id='word_1_158' title='bbox 147 2275 179 2335; x_wconf 91' lang='lat' dir='ltr'><strong>in</strong></span> <span class='ocrx_word' id='word_1_159' title='bbox 194 2275 324 2334; x_wconf 90' lang='lat' dir='ltr'><strong>Andria:</strong></span> <span class='ocrx_word' id='word_1_160' title='bbox 340 2275 480 2350; x_wconf 83' lang='lat' dir='ltr'><strong>protoyus</strong></span> <span class='ocrx_word' id='word_1_161' title='bbox 498 2276 533 2334; x_wconf 89' lang='lat' dir='ltr'><strong>iu</strong></span> <span class='ocrx_word' id='word_1_162' title='bbox 546 2275 601 2335; x_wconf 85' lang='lat' dir='ltr'><strong>lac</strong></span> <span class='ocrx_word' id='word_1_163' title='bbox 615 2293 681 2335; x_wconf 87' lang='lat' dir='ltr'><strong>acer</strong></span> <span class='ocrx_word' id='word_1_164' title='bbox 694 2276 845 2335; x_wconf 73' lang='lat' dir='ltr'><strong>inducitur</strong></span> <span class='ocrx_word' id='word_1_165' title='bbox 859 2280 884 2335; x_wconf 94' lang='lat' dir='ltr'><strong>et</strong></span> <span class='ocrx_word' id='word_1_166' title='bbox 898 2277 933 2334; x_wconf 87' lang='lat' dir='ltr'><strong>iu</strong></span> <span class='ocrx_word' id='word_1_167' title='bbox 946 2277 1129 2336; x_wconf 87' lang='lat' dir='ltr'><strong>aduersarios</strong></span> <span class='ocrx_word' id='word_1_168' title='bbox 1143 2294 1205 2336; x_wconf 86' lang='lat' dir='ltr'><strong>uou</strong></span> 
     </span>
     <span class='ocr_line' id='line_1_24' title="bbox 57 2360 1203 2436; baseline -0.003 -13"><span class='ocrx_word' id='word_1_169' title='bbox 57 2362 243 2423; x_wconf 80' lang='lat' dir='ltr'><strong>mediocriter</strong></span> <span class='ocrx_word' id='word_1_170' title='bbox 262 2364 430 2432; x_wconf 61' lang='lat' dir='ltr'><strong>asperatum</strong></span> <span class='ocrx_word' id='word_1_171' title='bbox 449 2360 499 2419; x_wconf 92' lang='lat' dir='ltr'><strong>sed</strong></span> <span class='ocrx_word' id='word_1_172' title='bbox 513 2364 612 2420; x_wconf 83' lang='lat' dir='ltr'><strong>tamea</strong></span> <span class='ocrx_word' id='word_1_173' title='bbox 626 2361 657 2420; x_wconf 88' lang='lat' dir='ltr'><strong>id</strong></span> <span class='ocrx_word' id='word_1_174' title='bbox 670 2361 813 2420; x_wconf 81' lang='lat' dir='ltr'><strong>subtiliter</strong></span> <span class='ocrx_word' id='word_1_175' title='bbox 823 2363 873 2436; x_wconf 76' lang='lat' dir='ltr'><strong>fit,</strong></span> <span class='ocrx_word' id='word_1_176' title='bbox 894 2365 926 2420; x_wconf 92' lang='lat' dir='ltr'><strong>ut</strong></span> <span class='ocrx_word' id='word_1_177' title='bbox 941 2362 1041 2420; x_wconf 90' lang='lat' dir='ltr'><strong>omuia</strong></span> <span class='ocrx_word' id='word_1_178' title='bbox 1055 2362 1203 2421; x_wconf 86' lang='lat' dir='ltr'><strong>lacessitus</strong></span> 
     </span>
     <span class='ocr_line' id='line_1_25' title="bbox 56 2444 1203 2521; baseline -0.003 -12"><span class='ocrx_word' id='word_1_179' title='bbox 56 2447 158 2521; x_wconf 75' lang='lat' dir='ltr'><strong>facere</strong></span> <span class='ocrx_word' id='word_1_180' title='bbox 171 2446 305 2505; x_wconf 85' lang='lat' dir='ltr'><strong>uideatur</strong></span> <span class='ocrx_word' id='word_1_181' title='bbox 318 2462 354 2505; x_wconf 91' lang='lat' dir='ltr'><strong>ac</strong></span> <span class='ocrx_word' id='word_1_182' title='bbox 367 2445 476 2515; x_wconf 67' lang='lat' dir='ltr'><strong>dicere·</strong></span> <span class='ocrx_word' id='word_1_183' title='bbox 495 2445 526 2503; x_wconf 91' lang='lat' dir='ltr'><strong>in</strong></span> <span class='ocrx_word' id='word_1_184' title='bbox 542 2444 676 2521; x_wconf 79' lang='lat' dir='ltr'><strong>Hecyra:</strong></span> <span class='ocrx_word' id='word_1_185' title='bbox 697 2446 731 2504; x_wconf 87' lang='lat' dir='ltr'><strong>iu</strong></span> <span class='ocrx_word' id='word_1_186' title='bbox 745 2446 800 2505; x_wconf 84' lang='lat' dir='ltr'><strong>hac</strong></span> <span class='ocrx_word' id='word_1_187' title='bbox 811 2446 947 2520; x_wconf 75' lang='lat' dir='ltr'><strong>moloyus</strong></span> <span class='ocrx_word' id='word_1_188' title='bbox 961 2449 1002 2505; x_wconf 86' lang='lat' dir='ltr'><strong>est</strong></span> <span class='ocrx_word' id='word_1_189' title='bbox 1016 2450 1042 2505; x_wconf 88' lang='lat' dir='ltr'><strong>ct</strong></span> <span class='ocrx_word' id='word_1_190' title='bbox 1055 2446 1203 2519; x_wconf 81' lang='lat' dir='ltr'><strong>multiplea</strong></span> 
     </span>
     <span class='ocr_line' id='line_1_26' title="bbox 56 2530 1202 2604; baseline -0.003 -10"><span class='ocrx_word' id='word_1_191' title='bbox 56 2538 86 2594; x_wconf 86' lang='lat' dir='ltr'><strong>et</strong></span> <span class='ocrx_word' id='word_1_192' title='bbox 104 2532 263 2592; x_wconf 75' lang='lat' dir='ltr'><strong>rhetoricam</strong></span> <span class='ocrx_word' id='word_1_193' title='bbox 283 2530 373 2589; x_wconf 81' lang='lat' dir='ltr'><strong>ulmis</strong></span> <span class='ocrx_word' id='word_1_194' title='bbox 388 2534 542 2604; x_wconf 82' lang='lat' dir='ltr'><strong>propterea</strong></span> <span class='ocrx_word' id='word_1_195' title='bbox 562 2530 638 2603; x_wconf 78' lang='lat' dir='ltr'><strong>quod</strong></span> <span class='ocrx_word' id='word_1_196' title='bbox 658 2547 742 2603; x_wconf 82' lang='lat' dir='ltr'><strong>saepe</strong></span> <span class='ocrx_word' id='word_1_197' title='bbox 762 2531 877 2590; x_wconf 80' lang='lat' dir='ltr'><strong>eucmsa</strong></span> <span class='ocrx_word' id='word_1_198' title='bbox 896 2531 965 2590; x_wconf 79' lang='lat' dir='ltr'><strong>leaeo</strong></span> <span class='ocrx_word' id='word_1_199' title='bbox 979 2531 1122 2590; x_wconf 84' lang='lat' dir='ltr'><strong>comoedia</strong></span> <span class='ocrx_word' id='word_1_200' title='bbox 1137 2531 1202 2590; x_wconf 78' lang='lat' dir='ltr'><strong>dili</strong></span> 
     </span>
     <span class='ocr_line' id='line_1_27' title="bbox 54 2613 1208 2696; baseline -0.003 -18"><span class='ocrx_word' id='word_1_201' title='bbox 54 2617 230 2696; x_wconf 72' lang='lat' dir='ltr'><strong>yemissima</strong></span> <span class='ocrx_word' id='word_1_202' title='bbox 244 2613 409 2686; x_wconf 76' lang='lat' dir='ltr'><strong>detrusioue</strong></span> <span class='ocrx_word' id='word_1_203' title='bbox 423 2614 589 2689; x_wconf 63' lang='lat' dir='ltr'><strong>indigebat·</strong></span> <span class='ocrx_word' id='word_1_204' title='bbox 609 2615 640 2673; x_wconf 93' lang='lat' dir='ltr'><strong>in</strong></span> <span class='ocrx_word' id='word_1_205' title='bbox 654 2613 848 2673; x_wconf 88' lang='lat' dir='ltr'><strong>Phormione:</strong></span> <span class='ocrx_word' id='word_1_206' title='bbox 866 2616 1005 2690; x_wconf 72' lang='lat' dir='ltr'><strong>prologus</strong></span> <span class='ocrx_word' id='word_1_207' title='bbox 1015 2615 1208 2675; x_wconf 84' lang='lat' dir='ltr'><strong>Phormionis</strong></span> 
     </span>
     <span class='ocr_line' id='line_1_28' title="bbox 57 2699 1204 2774; baseline -0.003 -11"><span class='ocrx_word' id='word_1_208' title='bbox 57 2703 151 2763; x_wconf 76' lang='lat' dir='ltr'><strong>mimis</strong></span> <span class='ocrx_word' id='word_1_209' title='bbox 176 2701 334 2761; x_wconf 76' lang='lat' dir='ltr'><strong>aureatus</strong></span> <span class='ocrx_word' id='word_1_210' title='bbox 358 2703 399 2758; x_wconf 92' lang='lat' dir='ltr'><strong>est</strong></span> <span class='ocrx_word' id='word_1_211' title='bbox 424 2699 495 2758; x_wconf 83' lang='lat' dir='ltr'><strong>adro</strong></span> <span class='ocrx_word' id='word_1_212' title='bbox 520 2703 554 2759; x_wconf 94' lang='lat' dir='ltr'><strong>ut</strong></span> <span class='ocrx_word' id='word_1_213' title='bbox 572 2702 633 2774; x_wconf 85' lang='lat' dir='ltr'><strong>ipse</strong></span> <span class='ocrx_word' id='word_1_214' title='bbox 652 2704 738 2758; x_wconf 89' lang='lat' dir='ltr'><strong>semet</strong></span> <span class='ocrx_word' id='word_1_215' title='bbox 758 2700 845 2758; x_wconf 86' lang='lat' dir='ltr'><strong>ueluti</strong></span> <span class='ocrx_word' id='word_1_216' title='bbox 864 2701 1053 2774; x_wconf 78' lang='lat' dir='ltr'><strong>reprehendat</strong></span> <span class='ocrx_word' id='word_1_217' title='bbox 1073 2700 1108 2760; x_wconf 89' lang='lat' dir='ltr'><strong>oh</strong></span> <span class='ocrx_word' id='word_1_218' title='bbox 1126 2700 1204 2760; x_wconf 78' lang='lat' dir='ltr'><strong>traua</strong></span> 
     </span>
     <span class='ocr_line' id='line_1_29' title="bbox 57 2784 1158 2863; baseline -0.005 -14"><span class='ocrx_word' id='word_1_219' title='bbox 57 2791 158 2863; x_wconf 80' lang='lat' dir='ltr'><strong>ipsam</strong></span> <span class='ocrx_word' id='word_1_220' title='bbox 169 2786 363 2861; x_wconf 84' lang='lat' dir='ltr'><strong>pervicaciam</strong></span> <span class='ocrx_word' id='word_1_221' title='bbox 378 2789 403 2843; x_wconf 91' lang='lat' dir='ltr'><strong>et</strong></span> <span class='ocrx_word' id='word_1_222' title='bbox 417 2784 506 2843; x_wconf 70' lang='lat' dir='ltr'><strong>umet</strong></span> <span class='ocrx_word' id='word_1_223' title='bbox 520 2789 726 2860; x_wconf 82' lang='lat' dir='ltr'><strong>aryumeutum</strong></span> <span class='ocrx_word' id='word_1_224' title='bbox 739 2801 811 2844; x_wconf 90' lang='lat' dir='ltr'><strong>suae</strong></span> <span class='ocrx_word' id='word_1_225' title='bbox 821 2787 1009 2860; x_wconf 70' lang='lat' dir='ltr'><strong>purgatioris</strong></span> <span class='ocrx_word' id='word_1_226' title='bbox 1023 2785 1158 2862; x_wconf 82' lang='lat' dir='ltr'><strong>iuducat3</strong></span> 
     </span>
    </p>

    <p class='ocr_par' dir='ltr' id='par_1_9' title="bbox 146 2864 671 2944">
     <span class='ocr_line' id='line_1_30' title="bbox 146 2864 671 2944; baseline -0.004 -15"><span class='ocrx_word' id='word_1_227' title='bbox 146 2871 178 2931; x_wconf 91' lang='lat' dir='ltr'><strong>in</strong></span> <span class='ocrx_word' id='word_1_228' title='bbox 192 2868 377 2944; x_wconf 86' lang='lat' dir='ltr'><strong>Adelphis</strong></span> <span class='ocrx_word' id='word_1_229' title='bbox 393 2875 424 2926; x_wconf 90' lang='lat' dir='ltr'><strong>et</strong></span> <span class='ocrx_word' id='word_1_230' title='bbox 438 2864 614 2928; x_wconf 79' lang='lat' dir='ltr'><strong>Eunucho</strong></span> <span class='ocrx_word' id='word_1_231' title='bbox 629 2870 671 2927; x_wconf 89' lang='lat' dir='ltr'><strong>ita</strong></span> 
     </span>
    </p>

    <p class='ocr_par' dir='ltr' id='par_1_10' title="bbox 56 2953 1204 3453">
     <span class='ocr_line' id='line_1_31' title="bbox 147 2953 1202 3030; baseline -0.001 -16"><span class='ocrx_word' id='word_1_232' title='bbox 147 2957 177 3014; x_wconf 91' lang='lat' dir='ltr'><strong>in</strong></span> <span class='ocrx_word' id='word_1_233' title='bbox 193 2953 351 3029; x_wconf 90' lang='lat' dir='ltr'><strong>Adelphis:</strong></span> <span class='ocrx_word' id='word_1_234' title='bbox 373 2956 408 3013; x_wconf 89' lang='lat' dir='ltr'><strong>iu</strong></span> <span class='ocrx_word' id='word_1_235' title='bbox 427 2955 482 3014; x_wconf 83' lang='lat' dir='ltr'><strong>leae</strong></span> <span class='ocrx_word' id='word_1_236' title='bbox 495 2955 635 3030; x_wconf 74' lang='lat' dir='ltr'><strong>prolapus</strong></span> <span class='ocrx_word' id='word_1_237' title='bbox 649 2955 799 3026; x_wconf 74' lang='lat' dir='ltr'><strong>aliquauto</strong></span> <span class='ocrx_word' id='word_1_238' title='bbox 815 2954 907 3012; x_wconf 85' lang='lat' dir='ltr'><strong>leuior</strong></span> <span class='ocrx_word' id='word_1_239' title='bbox 921 2955 1088 3024; x_wconf 87' lang='lat' dir='ltr'><strong>iuducitur;</strong></span> <span class='ocrx_word' id='word_1_240' title='bbox 1107 2955 1202 3029; x_wconf 72' lang='lat' dir='ltr'><strong>mauis</strong></span> 
     </span>
     <span class='ocr_line' id='line_1_32' title="bbox 57 3038 1203 3114; baseline -0.003 -11"><span class='ocrx_word' id='word_1_241' title='bbox 57 3043 150 3104; x_wconf 87' lang='lat' dir='ltr'><strong>etiam</strong></span> <span class='ocrx_word' id='word_1_242' title='bbox 175 3042 216 3100; x_wconf 87' lang='lat' dir='ltr'><strong>iu</strong></span> <span class='ocrx_word' id='word_1_243' title='bbox 240 3056 276 3099; x_wconf 91' lang='lat' dir='ltr'><strong>se</strong></span> <span class='ocrx_word' id='word_1_244' title='bbox 299 3040 493 3114; x_wconf 80' lang='lat' dir='ltr'><strong>puryaude</strong></span> <span class='ocrx_word' id='word_1_245' title='bbox 517 3056 605 3111; x_wconf 83' lang='lat' dir='ltr'><strong>quam</strong></span> <span class='ocrx_word' id='word_1_246' title='bbox 626 3041 660 3098; x_wconf 87' lang='lat' dir='ltr'><strong>iu</strong></span> <span class='ocrx_word' id='word_1_247' title='bbox 686 3038 923 3098; x_wconf 86' lang='lat' dir='ltr'><strong>aduersariis</strong></span> <span class='ocrx_word' id='word_1_248' title='bbox 947 3039 1139 3099; x_wconf 75' lang='lat' dir='ltr'><strong>laedendis</strong></span> <span class='ocrx_word' id='word_1_249' title='bbox 1162 3044 1203 3099; x_wconf 88' lang='lat' dir='ltr'><strong>est</strong></span> 
     </span>
     <span class='ocr_line' id='line_1_33' title="bbox 56 3122 1202 3200; baseline -0.004 -12"><span class='ocrx_word' id='word_1_250' title='bbox 56 3129 233 3200; x_wconf 62' lang='lat' dir='ltr'><strong>occupatum</strong></span> <span class='ocrx_word' id='word_1_251' title='bbox 253 3124 283 3182; x_wconf 90' lang='lat' dir='ltr'><strong>in</strong></span> <span class='ocrx_word' id='word_1_252' title='bbox 298 3122 458 3183; x_wconf 80' lang='lat' dir='ltr'><strong>Eunucho:</strong></span> <span class='ocrx_word' id='word_1_253' title='bbox 478 3123 566 3183; x_wconf 80' lang='lat' dir='ltr'><strong>leuius</strong></span> <span class='ocrx_word' id='word_1_254' title='bbox 580 3124 720 3199; x_wconf 75' lang='lat' dir='ltr'><strong>prolapus</strong></span> <span class='ocrx_word' id='word_1_255' title='bbox 739 3140 811 3183; x_wconf 90' lang='lat' dir='ltr'><strong>saue</strong></span> <span class='ocrx_word' id='word_1_256' title='bbox 832 3128 871 3183; x_wconf 88' lang='lat' dir='ltr'><strong>cst</strong></span> <span class='ocrx_word' id='word_1_257' title='bbox 887 3125 1070 3194; x_wconf 64' lang='lat' dir='ltr'><strong>caecitatum</strong></span> <span class='ocrx_word' id='word_1_258' title='bbox 1090 3140 1162 3184; x_wconf 86' lang='lat' dir='ltr'><strong>uam</strong></span> <span class='ocrx_word' id='word_1_259' title='bbox 1175 3128 1202 3183; x_wconf 89' lang='lat' dir='ltr'><strong>et</strong></span> 
     </span>
     <span class='ocr_line' id='line_1_34' title="bbox 56 3209 1200 3282; baseline -0.003 -10"><span class='ocrx_word' id='word_1_260' title='bbox 56 3211 175 3273; x_wconf 86' lang='lat' dir='ltr'><strong>adicit</strong></span> <span class='ocrx_word' id='word_1_261' title='bbox 199 3210 359 3270; x_wconf 78' lang='lat' dir='ltr'><strong>crimina</strong></span> <span class='ocrx_word' id='word_1_262' title='bbox 384 3209 674 3268; x_wconf 85' lang='lat' dir='ltr'><strong>aduersautihus</strong></span> <span class='ocrx_word' id='word_1_263' title='bbox 694 3213 720 3267; x_wconf 91' lang='lat' dir='ltr'><strong>et</strong></span> <span class='ocrx_word' id='word_1_264' title='bbox 741 3210 936 3268; x_wconf 80' lang='lat' dir='ltr'><strong>commiretur</strong></span> <span class='ocrx_word' id='word_1_265' title='bbox 956 3211 990 3267; x_wconf 88' lang='lat' dir='ltr'><strong>iu</strong></span> <span class='ocrx_word' id='word_1_266' title='bbox 1006 3213 1154 3282; x_wconf 82' lang='lat' dir='ltr'><strong>posterum</strong></span> <span class='ocrx_word' id='word_1_267' title='bbox 1173 3213 1200 3268; x_wconf 90' lang='lat' dir='ltr'><strong>et</strong></span> 
     </span>
     <span class='ocr_line' id='line_1_35' title="bbox 57 3292 1204 3365; baseline -0.004 -8"><span class='ocrx_word' id='word_1_268' title='bbox 57 3296 238 3358; x_wconf 77' lang='lat' dir='ltr'><strong>aemuatorie</strong></span> <span class='ocrx_word' id='word_1_269' title='bbox 262 3298 368 3353; x_wconf 85' lang='lat' dir='ltr'><strong>uarrat</strong></span> <span class='ocrx_word' id='word_1_270' title='bbox 388 3295 532 3352; x_wconf 88' lang='lat' dir='ltr'><strong>iuiuriam</strong></span> <span class='ocrx_word' id='word_1_271' title='bbox 554 3293 687 3354; x_wconf 79' lang='lat' dir='ltr'><strong>Terentio</strong></span> <span class='ocrx_word' id='word_1_272' title='bbox 707 3292 819 3365; x_wconf 84' lang='lat' dir='ltr'><strong>factam</strong></span> <span class='ocrx_word' id='word_1_273' title='bbox 838 3298 864 3352; x_wconf 87' lang='lat' dir='ltr'><strong>et</strong></span> <span class='ocrx_word' id='word_1_274' title='bbox 884 3294 924 3352; x_wconf 90' lang='lat' dir='ltr'><strong>ad</strong></span> <span class='ocrx_word' id='word_1_275' title='bbox 943 3294 1079 3352; x_wconf 89' lang='lat' dir='ltr'><strong>ultimum</strong></span> <span class='ocrx_word' id='word_1_276' title='bbox 1098 3293 1204 3352; x_wconf 87' lang='lat' dir='ltr'><strong>tumul·</strong></span> 
     </span>
     <span class='ocr_line' id='line_1_36' title="bbox 57 3378 862 3453; baseline -0.009 -11"><span class='ocrx_word' id='word_1_277' title='bbox 57 3387 141 3443; x_wconf 89' lang='lat' dir='ltr'><strong>tuose</strong></span> <span class='ocrx_word' id='word_1_278' title='bbox 155 3384 181 3439; x_wconf 89' lang='lat' dir='ltr'><strong>ct</strong></span> <span class='ocrx_word' id='word_1_279' title='bbox 195 3395 261 3438; x_wconf 90' lang='lat' dir='ltr'><strong>cum</strong></span> <span class='ocrx_word' id='word_1_280' title='bbox 274 3395 385 3453; x_wconf 78' lang='lat' dir='ltr'><strong>mayua</strong></span> <span class='ocrx_word' id='word_1_281' title='bbox 399 3379 513 3437; x_wconf 84' lang='lat' dir='ltr'><strong>iuridia</strong></span> <span class='ocrx_word' id='word_1_282' title='bbox 527 3378 697 3450; x_wconf 73' lang='lat' dir='ltr'><strong>defeudit</strong></span> <span class='ocrx_word' id='word_1_283' title='bbox 708 3383 862 3452; x_wconf 85' lang='lat' dir='ltr'><strong>poetam.</strong></span> 
     </span>
    </p>

    <p class='ocr_par' dir='ltr' id='par_1_11' title="bbox 53 3462 1271 4222">
     <span class='ocr_line' id='line_1_37' title="bbox 143 3462 1201 3542; baseline -0.002 -21"><span class='ocrx_word' id='word_1_284' title='bbox 143 3463 182 3542; x_wconf 6' lang='lat' dir='ltr'><strong>plu</strong></span> <span class='ocrx_word' id='word_1_285' title='bbox 197 3463 243 3522; x_wconf 90' lang='lat' dir='ltr'><strong>his</strong></span> <span class='ocrx_word' id='word_1_286' title='bbox 259 3463 352 3537; x_wconf 89' lang='lat' dir='ltr'><strong>igitur</strong></span> <span class='ocrx_word' id='word_1_287' title='bbox 367 3467 468 3537; x_wconf 88' lang='lat' dir='ltr'><strong>aperte</strong></span> <span class='ocrx_word' id='word_1_288' title='bbox 486 3462 662 3537; x_wconf 87' lang='lat' dir='ltr'><strong>bipertitum</strong></span> <span class='ocrx_word' id='word_1_289' title='bbox 679 3462 809 3522; x_wconf 87' lang='lat' dir='ltr'><strong>officium</strong></span> <span class='ocrx_word' id='word_1_290' title='bbox 826 3462 943 3538; x_wconf 86' lang='lat' dir='ltr'><strong>prologi</strong></span> <span class='ocrx_word' id='word_1_291' title='bbox 958 3462 1106 3537; x_wconf 83' lang='lat' dir='ltr'><strong>perlucet,</strong></span> <span class='ocrx_word' id='word_1_292' title='bbox 1121 3462 1201 3537; x_wconf 91' lang='lat' dir='ltr'><strong>quod</strong></span> 
     </span>
     <span class='ocr_line' id='line_1_38' title="bbox 59 3543 1202 3626; baseline -0.004 -16"><span class='ocrx_word' id='word_1_293' title='bbox 59 3548 240 3610; x_wconf 87' lang='lat' dir='ltr'><strong>describitur</strong></span> <span class='ocrx_word' id='word_1_294' title='bbox 261 3548 293 3605; x_wconf 94' lang='lat' dir='ltr'><strong>in</strong></span> <span class='ocrx_word' id='word_1_295' title='bbox 314 3550 457 3605; x_wconf 85' lang='lat' dir='ltr'><strong>tractatu:</strong></span> <span class='ocrx_word' id='word_1_296' title='bbox 479 3544 651 3626; x_wconf 86' lang='lat' dir='ltr'><strong>(prologus)</strong></span> <span class='ocrx_word' id='word_1_297' title='bbox 673 3543 852 3617; x_wconf 76' lang='grc' dir='ltr'><strong><em>συστατικὸς</em></strong></span> <span class='ocrx_word' id='word_1_298' title='bbox 873 3547 1127 3607; x_wconf 78' lang='lat' dir='ltr'><strong>commendaticias</strong></span> <span class='ocrx_word' id='word_1_299' title='bbox 1146 3565 1202 3619; x_wconf 78' lang='lat' dir='ltr'><strong>quo</strong></span> 
     </span>
     <span class='ocr_line' id='line_1_39' title="bbox 54 3626 1203 3712; baseline -0.003 -17"><span class='ocrx_word' id='word_1_300' title='bbox 54 3638 145 3712; x_wconf 79' lang='lat' dir='ltr'><strong>poeta</strong></span> <span class='ocrx_word' id='word_1_301' title='bbox 170 3634 213 3694; x_wconf 85' lang='lat' dir='ltr'><strong>uel</strong></span> <span class='ocrx_word' id='word_1_302' title='bbox 234 3630 339 3705; x_wconf 75' lang='lat' dir='ltr'><strong>tabula</strong></span> <span class='ocrx_word' id='word_1_303' title='bbox 364 3632 589 3704; x_wconf 85' lang='lat' dir='ltr'><strong>mmmmdatur,</strong></span> <span class='ocrx_word' id='word_1_304' title='bbox 618 3626 821 3708; x_wconf 75' lang='grc' dir='ltr'><strong><em>ἐπιτιμητικός</em></strong></span> <span class='ocrx_word' id='word_1_305' title='bbox 842 3633 981 3691; x_wconf 83' lang='lat' dir='ltr'><strong>retatiaus</strong></span> <span class='ocrx_word' id='word_1_306' title='bbox 1001 3649 1057 3704; x_wconf 79' lang='lat' dir='ltr'><strong>auo</strong></span> <span class='ocrx_word' id='word_1_307' title='bbox 1078 3636 1131 3691; x_wconf 88' lang='lat' dir='ltr'><strong>aut</strong></span> <span class='ocrx_word' id='word_1_308' title='bbox 1149 3632 1203 3691; x_wconf 88' lang='lat' dir='ltr'><strong>ad-</strong></span> 
     </span>
     <span class='ocr_line' id='line_1_40' title="bbox 56 3714 1203 3793; baseline -0.006 -12"><span class='ocrx_word' id='word_1_309' title='bbox 56 3720 189 3781; x_wconf 86' lang='lat' dir='ltr'><strong>uersario</strong></span> <span class='ocrx_word' id='word_1_310' title='bbox 204 3718 387 3777; x_wconf 87' lang='lat' dir='ltr'><strong>maledictum</strong></span> <span class='ocrx_word' id='word_1_311' title='bbox 404 3714 554 3792; x_wconf 84' lang='lat' dir='ltr'><strong>(refertur)</strong></span> <span class='ocrx_word' id='word_1_312' title='bbox 571 3736 602 3791; x_wconf 93' lang='lat' dir='ltr'><strong>p.</strong></span> <span class='ocrx_word' id='word_1_313' title='bbox 620 3718 668 3790; x_wconf 87' lang='lat'><strong>10,</strong></span> <span class='ocrx_word' id='word_1_314' title='bbox 686 3719 722 3775; x_wconf 92' lang='lat'><strong>11</strong></span> <span class='ocrx_word' id='word_1_315' title='bbox 737 3736 782 3793; x_wconf 93' lang='lat' dir='ltr'><strong>sq.</strong></span> <span class='ocrx_word' id='word_1_316' title='bbox 806 3717 838 3775; x_wconf 91' lang='lat' dir='ltr'><strong>in</strong></span> <span class='ocrx_word' id='word_1_317' title='bbox 853 3716 1012 3776; x_wconf 82' lang='lat' dir='ltr'><strong>Andriast</strong></span> <span class='ocrx_word' id='word_1_318' title='bbox 1027 3715 1203 3775; x_wconf 89' lang='lat' dir='ltr'><strong>Phormione</strong></span> 
     </span>
     <span class='ocr_line' id='line_1_41' title="bbox 57 3801 1202 3877; baseline -0.006 -12"><span class='ocrx_word' id='word_1_319' title='bbox 57 3805 162 3866; x_wconf 86' lang='lat' dir='ltr'><strong>eadem</strong></span> <span class='ocrx_word' id='word_1_320' title='bbox 189 3803 263 3874; x_wconf 85' lang='lat' dir='ltr'><strong>fere,</strong></span> <span class='ocrx_word' id='word_1_321' title='bbox 292 3802 342 3861; x_wconf 88' lang='lat' dir='ltr'><strong>sed</strong></span> <span class='ocrx_word' id='word_1_322' title='bbox 369 3801 427 3860; x_wconf 92' lang='lat' dir='ltr'><strong>alia</strong></span> <span class='ocrx_word' id='word_1_323' title='bbox 450 3802 564 3860; x_wconf 87' lang='lat' dir='ltr'><strong>ratione</strong></span> <span class='ocrx_word' id='word_1_324' title='bbox 587 3801 758 3860; x_wconf 85' lang='lat' dir='ltr'><strong>dictasunt</strong></span> <span class='ocrx_word' id='word_1_325' title='bbox 779 3802 873 3860; x_wconf 86' lang='lat' dir='ltr'><strong>etita</strong></span> <span class='ocrx_word' id='word_1_326' title='bbox 895 3802 1015 3877; x_wconf 90' lang='lat' dir='ltr'><strong>quidem</strong></span> <span class='ocrx_word' id='word_1_327' title='bbox 1039 3804 1074 3860; x_wconf 88' lang='lat' dir='ltr'><strong>ut</strong></span> <span class='ocrx_word' id='word_1_328' title='bbox 1095 3801 1202 3876; x_wconf 83' lang='lat' dir='ltr'><strong>duplex</strong></span> 
     </span>
     <span class='ocr_line' id='line_1_42' title="bbox 59 3885 1202 3962; baseline -0.008 -12"><span class='ocrx_word' id='word_1_329' title='bbox 59 3889 192 3950; x_wconf 82' lang='lat' dir='ltr'><strong>officium</strong></span> <span class='ocrx_word' id='word_1_330' title='bbox 218 3887 331 3947; x_wconf 91' lang='lat' dir='ltr'><strong>curiose</strong></span> <span class='ocrx_word' id='word_1_331' title='bbox 357 3906 373 3945; x_wconf 89' lang='lat' dir='ltr'><strong>e</strong></span> <span class='ocrx_word' id='word_1_332' title='bbox 396 3889 527 3946; x_wconf 88' lang='lat' dir='ltr'><strong>tractatu</strong></span> <span class='ocrx_word' id='word_1_333' title='bbox 550 3905 721 3962; x_wconf 86' lang='lat' dir='ltr'><strong>expressum</strong></span> <span class='ocrx_word' id='word_1_334' title='bbox 744 3904 807 3945; x_wconf 90' lang='lat' dir='ltr'><strong>esse</strong></span> <span class='ocrx_word' id='word_1_335' title='bbox 828 3904 930 3961; x_wconf 89' lang='lat' dir='ltr'><strong>neges.</strong></span> <span class='ocrx_word' id='word_1_336' title='bbox 967 3889 1065 3944; x_wconf 87' lang='lat' dir='ltr'><strong>tamen</strong></span> <span class='ocrx_word' id='word_1_337' title='bbox 1086 3885 1202 3961; x_wconf 82' lang='lat' dir='ltr'><strong>prologi</strong></span> 
     </span>
     <span class='ocr_line' id='line_1_43' title="bbox 58 3969 1203 4052; baseline -0.006 -18"><span class='ocrx_word' id='word_1_338' title='bbox 58 3974 119 4052; x_wconf 87' lang='lat' dir='ltr'><strong>ipsi</strong></span> <span class='ocrx_word' id='word_1_339' title='bbox 139 3971 286 4033; x_wconf 87' lang='lat' dir='ltr'><strong>eiusmodi</strong></span> <span class='ocrx_word' id='word_1_340' title='bbox 308 3978 393 4045; x_wconf 86' lang='lat' dir='ltr'><strong>sunt,</strong></span> <span class='ocrx_word' id='word_1_341' title='bbox 416 3977 450 4030; x_wconf 89' lang='lat' dir='ltr'><strong>ut</strong></span> <span class='ocrx_word' id='word_1_342' title='bbox 473 3972 559 4031; x_wconf 85' lang='lat' dir='ltr'><strong>facile</strong></span> <span class='ocrx_word' id='word_1_343' title='bbox 580 3972 711 4048; x_wconf 89' lang='lat' dir='ltr'><strong>potuerit</strong></span> <span class='ocrx_word' id='word_1_344' title='bbox 726 3972 853 4046; x_wconf 82' lang='lat' dir='ltr'><strong>exprimi</strong></span> <span class='ocrx_word' id='word_1_345' title='bbox 868 3971 906 4030; x_wconf 90' lang='lat' dir='ltr'><strong>ab</strong></span> <span class='ocrx_word' id='word_1_346' title='bbox 922 3973 1099 4046; x_wconf 85' lang='lat' dir='ltr'><strong>interprete;</strong></span> <span class='ocrx_word' id='word_1_347' title='bbox 1125 3974 1157 4028; x_wconf 86' lang='lat' dir='ltr'><strong>at</strong></span> <span class='ocrx_word' id='word_1_348' title='bbox 1171 3969 1203 4027; x_wconf 92' lang='lat' dir='ltr'><strong>iu</strong></span> 
     </span>
     <span class='ocr_line' id='line_1_44' title="bbox 59 4055 1203 4135; baseline -0.005 -16"><span class='ocrx_word' id='word_1_349' title='bbox 59 4057 206 4135; x_wconf 91' lang='lat' dir='ltr'><strong>Adelphis</strong></span> <span class='ocrx_word' id='word_1_350' title='bbox 231 4056 283 4115; x_wconf 90' lang='lat' dir='ltr'><strong>ubi</strong></span> <span class='ocrx_word' id='word_1_351' title='bbox 299 4076 387 4132; x_wconf 89' lang='lat' dir='ltr'><strong>aegre</strong></span> <span class='ocrx_word' id='word_1_352' title='bbox 403 4058 502 4131; x_wconf 87' lang='lat' dir='ltr'><strong>potuit</strong></span> <span class='ocrx_word' id='word_1_353' title='bbox 517 4057 594 4116; x_wconf 89' lang='lat' dir='ltr'><strong>idem</strong></span> <span class='ocrx_word' id='word_1_354' title='bbox 610 4075 669 4115; x_wconf 92' lang='lat' dir='ltr'><strong>nou</strong></span> <span class='ocrx_word' id='word_1_355' title='bbox 685 4056 870 4132; x_wconf 83' lang='lat' dir='ltr'><strong>neglegitur:</strong></span> <span class='ocrx_word' id='word_1_356' title='bbox 893 4058 1011 4132; x_wconf 73' lang='lat' dir='ltr'><strong>mauis</strong></span> <span class='ocrx_word' id='word_1_357' title='bbox 1025 4056 1112 4115; x_wconf 90' lang='lat' dir='ltr'><strong>etiam</strong></span> <span class='ocrx_word' id='word_1_358' title='bbox 1126 4055 1159 4114; x_wconf 88' lang='lat' dir='ltr'><strong>iu</strong></span> <span class='ocrx_word' id='word_1_359' title='bbox 1172 4071 1203 4114; x_wconf 85' lang='lat' dir='ltr'><strong>se</strong></span> 
     </span>
     <span class='ocr_line' id='line_1_45' title="bbox 53 4142 1271 4222; baseline -0.004 -17"><span class='ocrx_word' id='word_1_360' title='bbox 53 4145 213 4222; x_wconf 73' lang='lat' dir='ltr'><strong>purgando</strong></span> <span class='ocrx_word' id='word_1_361' title='bbox 229 4160 334 4216; x_wconf 82' lang='lat' dir='ltr'><strong>quam</strong></span> <span class='ocrx_word' id='word_1_362' title='bbox 348 4144 387 4201; x_wconf 90' lang='lat' dir='ltr'><strong>iu</strong></span> <span class='ocrx_word' id='word_1_363' title='bbox 401 4144 633 4202; x_wconf 87' lang='lat' dir='ltr'><strong>aduersariis</strong></span> <span class='ocrx_word' id='word_1_364' title='bbox 648 4142 841 4202; x_wconf 87' lang='lat' dir='ltr'><strong>laedeudis</strong></span> <span class='ocrx_word' id='word_1_365' title='bbox 856 4147 897 4201; x_wconf 91' lang='lat' dir='ltr'><strong>est</strong></span> <span class='ocrx_word' id='word_1_366' title='bbox 910 4145 1075 4214; x_wconf 84' lang='lat' dir='ltr'><strong>occupatus.</strong></span> <span class='ocrx_word' id='word_1_367' title='bbox 1091 4170 1132 4181; x_wconf 93' lang='lat'>—</span> <span class='ocrx_word' id='word_1_368' title='bbox 1269 4207 1271 4210; x_wconf 10' lang='grc' dir='ltr'><em>Α</em></span> 
     </span>
    </p>

    <p class='ocr_par' dir='ltr' id='par_1_12' title="bbox 58 4225 1202 4387">
     <span class='ocr_line' id='line_1_46' title="bbox 146 4225 1202 4301; baseline -0.006 -13"><span class='ocrx_word' id='word_1_369' title='bbox 146 4227 362 4288; x_wconf 84' lang='lat' dir='ltr'><strong>Censtituimus</strong></span> <span class='ocrx_word' id='word_1_370' title='bbox 374 4227 431 4285; x_wconf 87' lang='lat' dir='ltr'><strong>iam</strong></span> <span class='ocrx_word' id='word_1_371' title='bbox 445 4246 481 4285; x_wconf 82' lang='lat' dir='ltr'><strong>ex</strong></span> <span class='ocrx_word' id='word_1_372' title='bbox 494 4226 587 4285; x_wconf 88' lang='lat' dir='ltr'><strong>altera</strong></span> <span class='ocrx_word' id='word_1_373' title='bbox 599 4231 682 4301; x_wconf 89' lang='lat' dir='ltr'><strong>parte</strong></span> <span class='ocrx_word' id='word_1_374' title='bbox 694 4226 892 4301; x_wconf 86' lang='lat' dir='ltr'><strong>praefationes</strong></span> <span class='ocrx_word' id='word_1_375' title='bbox 902 4225 953 4283; x_wconf 88' lang='lat' dir='ltr'><strong>Ad</strong></span> <span class='ocrx_word' id='word_1_376' title='bbox 964 4225 1071 4301; x_wconf 93' lang='lat' dir='ltr'><strong>elpho</strong></span> <span class='ocrx_word' id='word_1_377' title='bbox 1080 4243 1155 4282; x_wconf 88' lang='lat' dir='ltr'><strong>rum</strong></span> <span class='ocrx_word' id='word_1_378' title='bbox 1170 4229 1202 4283; x_wconf 86' lang='lat' dir='ltr'><strong>et</strong></span> 
     </span>
     <span class='ocr_line' id='line_1_47' title="bbox 58 4311 1202 4387; baseline -0.008 -12"><span class='ocrx_word' id='word_1_379' title='bbox 58 4313 248 4386; x_wconf 80' lang='lat' dir='ltr'><strong>Eunuchi,</strong></span> <span class='ocrx_word' id='word_1_380' title='bbox 270 4330 305 4371; x_wconf 86' lang='lat' dir='ltr'><strong>ex</strong></span> <span class='ocrx_word' id='word_1_381' title='bbox 321 4311 415 4371; x_wconf 90' lang='lat' dir='ltr'><strong>altera</strong></span> <span class='ocrx_word' id='word_1_382' title='bbox 429 4311 596 4371; x_wconf 86' lang='lat' dir='ltr'><strong>Andriae</strong></span> <span class='ocrx_word' id='word_1_383' title='bbox 614 4311 779 4387; x_wconf 84' lang='lat' dir='ltr'><strong>Hecyrae</strong></span> <span class='ocrx_word' id='word_1_384' title='bbox 797 4311 1044 4383; x_wconf 59' lang='lat' dir='ltr'><strong>Phormione,</strong></span> <span class='ocrx_word' id='word_1_385' title='bbox 1060 4313 1202 4385; x_wconf 87' lang='lat' dir='ltr'><strong>utrasque</strong></span> 
     </span>
    </p>

    <p class='ocr_par' dir='ltr' id='par_1_13' title="bbox 951 4407 1001 4458">
     <span class='ocr_line' id='line_1_48' title="bbox 951 4407 1001 4458; baseline 0 0"><span class='ocrx_word' id='word_1_386' title='bbox 951 4407 1001 4458; x_wconf 78' lang='lat'><strong>21·</strong></span> 
     </span>
    </p>
   </div>
   <div class='ocr_carea' id='block_1_7' title="bbox 0 0 1388 4830">
    <p class='ocr_par' dir='ltr' id='par_1_14' title="bbox 0 0 1388 4830">
     <span class='ocr_line' id='line_1_49' title="bbox 0 0 1388 4830; baseline 0 0"><span class='ocrx_word' id='word_1_387' title='bbox 0 0 1388 4830; x_wconf 95' lang='lat' dir='ltr'><strong> </strong></span> 
     </span>
    </p>
   </div>
  </div>
 </body>
</html>
