2768 4830
195 255 258 320 318
280 261 442 317 PRabbow:
454 261 489 317 da
498 259 602 317 Donati
615 263 772 317 commento
785 260 814 315 iu
823 260 985 317 Terentium
996 276 1069 329 spec.
1079 258 1341 321 observationuml.

195 429 340 489 Romanis
356 428 532 502 celebratur,
550 428 587 488 ci.
597 428 854 488 Robart·Tornow
871 429 907 487 de
926 428 1027 504 apium
1039 427 1197 504 mellisque
1208 448 1257 505 ap.
1269 432 1340 489 vett.

196 514 297 591 signif.
314 519 344 573 et
366 514 493 591 symbol.
509 517 541 572 et
556 514 758 590 mythologice
773 533 803 588 p.
820 514 998 573 100-118.
1030 516 1149 571 transeo
1165 513 1203 571 ad
1219 513 1340 590 singula

196 599 232 658 de
253 599 381 676 siugulis
402 599 599 674 scriptoribus
621 599 738 657 iudicia.
769 616 843 674 quae
864 598 959 656 critici
978 596 1103 656 Romani
1126 602 1158 655 ut
1179 617 1195 654 a
1220 596 1340 658 Graecis

195 683 361 759 reciperent
380 687 412 742 ct
433 683 464 742 in
484 701 554 742 suos
570 684 725 759 scriptores
742 683 936 759 depingentes
953 682 1164 754 transferrent,
1188 682 1278 742 facile
1294 682 1341 743 vel

196 787 232 828 eo
248 768 471 827 adducebantur
487 769 567 844 quod
583 767 763 843 exemplaria
776 766 887 826 Graeca
901 786 967 826 cum
983 766 1185 826 imitatoribus
1197 767 1340 827 Romanis

195 850 328 913 studiose
349 853 573 929 comparabant,
594 853 630 911 de
652 857 716 911 arte
736 852 875 911 imitandi
890 852 1050 930 diligenter
1065 851 1297 911 considerabant
1313 855 1341 912 et

195 937 416 1014 praecipiebant
434 934 555 1017 (Horat.
572 957 599 996 a.
616 958 645 1013 p.
664 934 749 1017 133).
783 936 910 996 floruere
930 938 1002 996 haec
1014 935 1216 1010 vcomparandi
1240 938 1341 996 studia

195 1023 291 1098 primo
312 1025 431 1081 etanta
452 1024 482 1080 et
503 1025 572 1098 post
592 1020 659 1082 Chr.
677 1041 707 1084 n.
729 1022 857 1081 saeculo.
886 1020 982 1080 Varro
1003 1020 1210 1096 Adelphorum
1228 1020 1339 1081 Teren·

181 1108 294 1166 tianae
306 1106 485 1182 principium
498 1107 642 1182 praetulit
652 1107 797 1182 principio
808 1106 973 1178 Menandri,
984 1112 1017 1165 ut
1030 1105 1189 1164 Suetonius
1198 1109 1348 1179 testatur,

196 1191 299 1252 Cicero
316 1190 472 1266 Sophoclis
488 1194 518 1251 et
533 1191 620 1251 Atilii
635 1192 769 1250 Mlcctras
786 1191 984 1266 compararit:
1005 1191 1087 1250 cuius
1103 1189 1139 1247 de
1154 1189 1238 1253 finib.
1254 1191 1311 1250 lib.
1326 1190 1341 1250 1

195 1296 281 1352 capp.
298 1277 380 1334 2-3
396 1276 478 1353 legas
493 1280 567 1336 tota.
594 1277 807 1335 obtrectatores
823 1274 952 1355 Vergilii
967 1275 1163 1352 conlegerunt
1178 1274 1342 1336 Homerica

194 1380 255 1420 non
277 1365 312 1419 ut
333 1361 407 1419 furti
426 1363 543 1420 tantum
560 1366 679 1435 poetam
696 1364 857 1437 arguerent
871 1360 914 1435 (id
931 1361 1011 1436 quod
1026 1359 1242 1436 'grammaticos
1258 1361 1342 1420 illius

196 1445 261 1504 aevi
279 1445 431 1522 decebat),
452 1445 609 1504 sedetiam
626 1446 662 1504 de
677 1446 805 1522 singulis
819 1445 893 1505 locis
909 1463 976 1503 cum
992 1443 1103 1503 Graeco
1120 1444 1247 1505 conlatis
1264 1446 1341 1505 iudi-

196 1531 273 1590 cium
295 1530 445 1602 fecerunt,
473 1530 715 1605 obstrepentibus
737 1531 839 1589 cadem
860 1530 976 1589 ratione
997 1529 1213 1592 laudatoribus.
1252 1531 1341 1605 plena

196 1633 267 1675 vero
288 1615 421 1673 eiusdem
442 1614 534 1674 studii
556 1616 727 1675 testimonia
749 1616 879 1674 servarit
903 1612 1034 1674 Gellius:
1060 1612 1196 1672 audimus
1220 1615 1342 1676 criticos

197 1700 361 1758 comoedias
384 1699 505 1758 Latinas
535 1700 658 1758 alternis
685 1700 862 1759 lectionibus
888 1718 956 1758 cum
977 1697 1096 1759 Graecis
1119 1703 1340 1774 comparentes,

197 1783 358 1844 Caecilium
385 1785 421 1842 ad
445 1785 599 1843 Menandri
626 1784 792 1861 exemplum
819 1785 937 1860 singula
960 1785 997 1842 ad
1020 1784 1137 1861 singula
1158 1785 1342 1861 castigantes

198 1866 241 1945 (Π
255 1863 320 1949 23),
332 1867 500 1945 Vergilium
516 1887 583 1926 cum
595 1869 726 1928 Homero
739 1869 897 1929 Theocrito
910 1868 1039 1928 Pindaro
1052 1877 1082 1927 et
1093 1869 1199 1928 ceteris
1211 1887 1342 1945 quorum

196 1953 288 2013 verbe
303 1954 395 2013 latina
411 1955 556 2029 expressit
567 1949 624 2032 (IX
637 1956 655 2013 9
671 1953 757 2013 XVII
771 1957 810 2014 10
827 1954 864 2016 cf.
878 1954 1007 2013 Macrob.
1020 1952 1047 2010 V
1059 1973 1121 2030 cap.
1132 1949 1192 2028 17),
1206 1953 1341 2014 Munium

197 2057 263 2098 curn
279 2037 421 2113 Euripide
433 2036 490 2115 (XI
502 2039 535 2113 4)
551 2040 697 2115 sagaciter
712 2039 897 2100 conferentes
914 2041 944 2096 et
959 2043 1180 2114 componentes.
1203 2042 1340 2115 Asprum

196 2128 226 2182 et
238 2122 369 2180 Probum
381 2123 505 2181 eandem
517 2142 637 2198 operam
650 2124 680 2183 iu
690 2123 825 2200 Vergilio
837 2124 1006 2183 conlocassc
1019 2124 1137 2196 scimus,
1153 2122 1185 2180 in
1197 2122 1340 2184 Terentio

196 2207 373 2267 conicimus:
394 2226 469 2283 quae
489 2213 630 2268 resonant
652 2210 683 2267 iu
705 2209 826 2268 scholiis
849 2208 1002 2266 Servianis
1023 2208 1060 2266 ad
1081 2206 1218 2266 bucolica
1241 2204 1340 2288 (otiu

195 2292 298 2368 primis
314 2292 350 2350 ad
362 2290 393 2350 II
406 2292 459 2366 25)
473 2298 503 2350 et
515 2293 660 2353 Donateis
675 2294 705 2352 in
721 2294 903 2368 Terentium,
920 2292 1083 2356 cf.,scholia
1094 2291 1250 2351 simillima
1262 2293 1338 2352 Mun.

196 2376 238 2434 IV
254 2379 284 2449 4,
301 2377 340 2434 22
363 2376 472 2453 Hecyr.
494 2377 540 2435 ΙΙΙ
561 2378 589 2449 4,
607 2380 647 2438 26
667 2378 820 2440 Phorm.l
842 2379 870 2446 2,
887 2378 937 2436 41.
972 2396 1027 2437 neo
1054 2395 1125 2439 uero
1151 2375 1184 2434 in
1212 2378 1337 2454 singulis
1380 2395 1382 2451 j

194 2461 267 2521 locis
296 2462 440 2520 rimandis
472 2466 502 2521 et
528 2482 595 2522 cum
621 2462 733 2522 Graeco
760 2462 968 2537 comparandis
994 2463 1144 2539 acquievit
1169 2462 1337 2522 criticorum
1379 2481 1382 2536 ι

195 2547 395 2605 Romanorum
416 2547 579 2617 industria,
602 2549 653 2606 scd
669 2548 840 2607 universam
857 2547 1012 2622 scriptoris
1027 2551 1122 2605 artem
1138 2551 1168 2606 at
1182 2546 1336 2623 ingenium
1379 2587 1382 2623 ,

195 2650 263 2690 cum
285 2630 398 2690 Graeco
425 2633 585 2707 exemplari
610 2634 801 2691 contulerunt
823 2637 853 2690 et
872 2632 1105 2691 aestimaverunt
1124 2632 1195 2708 quid
1220 2633 1335 2710 utrique
1378 2630 1382 2707 ξ

196 2733 354 2775 commune
384 2717 455 2791 quid
485 2718 641 2792 proprium
671 2721 758 2778 esset.
800 2717 901 2793 prodit
928 2716 1105 2775 Plutarchus
1132 2715 1264 2776 Graecus
1292 2717 1336 2776 ille
1378 2755 1382 2790 ἓ

197 2801 316 2877 quidem
338 2801 389 2858 sed
409 2801 461 2876 qui
483 2799 638 2877 (ύγκριειν
658 2799 888 2879 Δημοςθένου(
910 2797 960 2861 καὶ
977 2797 1153 2875 Κικέρωνος
1173 2801 1336 2862 instituerit
1377 2840 1382 2876 ξ

196 2918 237 2930 -
257 2886 328 2944 licet
353 2886 433 2944 enim
459 2905 476 2944 a
501 2888 599 2960 poetis
625 2888 662 2945 ad
689 2892 801 2947 ceteros
826 2887 987 2962 scriptores
1013 2904 1167 2944 excurrere
1188 2908 1243 2944 -ε
1271 2889 1335 2946 aute
1376 2924 1382 2963 ,

199 2970 393 3030 Plutarchum
409 2969 568 3043 Caecilius,
585 2978 652 3047 post
668 2991 733 3030 eum
751 2971 963 3043 Quintilianus.
995 2971 1335 3032 Terentiusdrmidiorc:
1375 3009 1382 3045 ,

196 3055 363 3116 Menander
384 3058 448 3112 erat
464 3053 582 3115 Caesari
606 3057 657 3133 qui
673 3058 826 3132 utriusque
841 3054 1025 3131 χαρακτῆρα
1040 3056 1239 3131 comparavit:
1262 3075 1334 3115 com·
1375 3073 1382 3133 [

196 3141 313 3217 paravit
333 3138 434 3199 Cicero
456 3160 473 3198 a
495 3139 635 3200 Suetonio
657 3142 802 3200 laudatus.
838 3145 869 3199 et
889 3160 978 3216 quam
1000 3141 1085 3199 firme
1107 3141 1238 3199 studium
1261 3159 1333 3201 com·

197 3225 327 3302 ponendi
340 3225 542 3284 Romanorum
558 3226 638 3285 illius
654 3226 720 3284 aevi
731 3226 903 3284 criticorum
915 3225 1088 3301 disciplinae
1100 3224 1254 3298 insederit,
1271 3226 1335 3286 iude

198 3309 364 3369 luculenter
380 3313 472 3384 patet,
488 3312 568 3385 quod
585 3314 666 3370 certa
683 3311 809 3386 quadam
826 3313 857 3368 et
872 3312 1022 3369 constanti
1038 3310 1166 3369 formula
1178 3310 1209 3368 in
1221 3311 1334 3370 iudiciis

195 3395 315 3454 illorum
339 3393 443 3453 Graeci
465 3395 698 3454 adhibebantur:
725 3396 847 3455 Ennirn
866 3400 892 3455 et
911 3398 1030 3469 sopiens
1048 3400 1075 3455 et
1091 3395 1177 3467 sortis
1198 3400 1225 3455 et
1245 3397 1334 3457 alter

195 3481 231 3539 H
233 3497 392 3552 omerus,
407 3484 441 3539 nt
455 3482 547 3539 critici
561 3481 661 3539 dicunt
677 3481 714 3539 ab
728 3481 853 3540 Horatio
869 3481 1046 3557 impugnati,
1063 3481 1093 3538 iu
1109 3480 1214 3556 primis
1226 3480 1332 3554 Varro:

195 3565 232 3624 ab
259 3565 369 3622 eisdem
396 3565 503 3624 dicitnr
523 3563 637 3637 Afrani
661 3571 729 3641 topu
757 3567 922 3625 conuenisse
941 3566 1124 3637 Menandro,
1150 3564 1283 3628 Plantas
1302 3565 1335 3627 od
1374 3605 1382 3643 g

197 3650 342 3723 exemplar
356 3648 448 3708 Siculi
465 3668 622 3724 properare
636 3651 824 3727 Epicharmi,
846 3650 957 3726 lyricus
973 3651 1110 3727 egregius
1126 3650 1280 3712 Romanus
1297 3657 1335 3711 est
1372 3653 1382 3726 ᾗ

195 3735 273 3793 alter
289 3734 430 3805 Alcaeus,
448 3735 612 3811 elegiarum
630 3738 758 3812 scriptor
773 3736 849 3794 alter
865 3734 1063 3795 Callimachus
1080 3735 1126 3794 vel
1142 3736 1335 3796 Mimnermus
1372 3751 1379 3772 >

194 3813 298 3900 (epist.
314 3818 345 3876 II
363 3821 390 3891 2,
408 3821 447 3878 94
463 3815 553 3900 sqq.).
1372 3836 1382 3898 ἐ

281 3904 367 3962 Tales
389 3905 424 3961 ad
447 3905 682 3981 comparationes
700 3925 716 3962 a
733 3905 842 3963 criticis
857 3904 998 3962 Romanis
1015 3924 1049 3962 ea
1064 3906 1147 3964 velut
1162 3925 1216 3982 pro
1233 3906 1335 3967 funda·
1371 3943 1382 3981 1

196 3992 297 4049 mento
313 3989 415 4047 habita
431 4009 495 4049 esse
512 4009 587 4065 quae
604 3990 639 4048 de
655 4008 773 4065 quoque
786 3988 896 4047 Graeco
911 3986 1015 4047 Graeci
1027 3989 1334 4063 observarantcritici.
1371 4026 1382 4067 1

195 4077 425 4133 consentaneum
449 4080 506 4133 est:
529 4079 559 4132 at
582 4079 698 4132 constat
721 4074 900 4134 Graecorum
923 4071 1035 4148 rpicsrc
1057 4076 1168 4134 Romae
1190 4075 1337 4137 lectitatur
1371 4111 1382 4167 μ

194 4160 295 4219 fuisse.
323 4161 424 4235 itaque
446 4179 538 4235 paene
559 4160 724 4218 necessario
742 4158 920 4218 Graecorum
942 4160 1120 4235 scriptorum
1142 4179 1288 4222 censurae
1307 4162 1332 4222 iu
1370 4176 1382 4236 ἐ

194 4243 345 4303 Romanos
363 4243 526 4316 defluxere,
550 4248 580 4303 et
596 4244 833 4320 depingebantur
851 4246 882 4302 et
897 4244 1141 4303 immiscebantur
1157 4245 1182 4304 si
1198 4247 1246 4305 cui
1262 4247 1333 4307 iudi·
1369 4282 1382 4332 Ἰ

195 4329 319 4388 candum
337 4332 401 4387 erat
417 4329 452 4386 de
467 4328 560 4387 altero
577 4328 716 4400 Homero,
733 4329 825 4390 altero
839 4329 1013 4405 Menandro,
1030 4330 1122 4389 altero
1135 4329 1333 4393 Demosthene
1369 4368 1382 4408 ι
